DateTime,Time,Exchange,Symbol,Trade Volume,Trade Price
2017-01-03 09:30:01.091179,93001091179000,T,PFE,161.0,32.69
2017-01-03 09:30:01.091201,93001091201000,T,PFE,161.0,32.69
2017-01-03 09:30:01.376731,93001376731000,T,PFE,200.0,32.7
2017-01-03 09:30:01.378113,93001378113000,T,PFE,200.0,32.7
2017-01-03 09:30:01.378134,93001378134000,T,PFE,700.0,32.7
2017-01-03 09:30:01.992704,93001992704000,T,PFE,100.0,32.7
2017-01-03 09:30:02.055125,93002055125000,T,PFE,100.0,32.7
2017-01-03 09:30:02.055151,93002055151000,T,PFE,300.0,32.7
2017-01-03 09:30:02.244239,93002244239000,T,PFE,300.0,32.7
2017-01-03 09:30:02.296034,93002296034000,T,PFE,1300.0,32.7
2017-01-03 09:30:02.474988,93002474988000,T,PFE,700.0,32.7
2017-01-03 09:30:02.475011,93002475011000,T,PFE,100.0,32.7
2017-01-03 09:30:02.520619,93002520619000,T,PFE,1000.0,32.7
2017-01-03 09:30:02.520666,93002520666000,T,PFE,200.0,32.7
2017-01-03 09:30:02.520692,93002520692000,T,PFE,300.0,32.7
2017-01-03 09:30:02.521018,93002521018000,T,PFE,600.0,32.7
2017-01-03 09:30:02.583117,93002583117000,T,PFE,100.0,32.7
2017-01-03 09:30:02.599724,93002599724000,T,PFE,100.0,32.7
2017-01-03 09:30:02.651375,93002651375000,T,PFE,100.0,32.7
2017-01-03 09:30:02.760155,93002760155000,T,PFE,800.0,32.7
2017-01-03 09:30:02.786659,93002786659000,T,PFE,229.0,32.7
2017-01-03 09:30:02.811751,93002811751000,T,PFE,700.0,32.7
2017-01-03 09:30:03.028056,93003028056000,T,PFE,200.0,32.67
2017-01-03 09:30:03.038940,93003038940000,T,PFE,100.0,32.7
2017-01-03 09:30:03.038963,93003038963000,T,PFE,81.0,32.7
2017-01-03 09:30:03.043936,93003043936000,T,PFE,200.0,32.67
2017-01-03 09:30:03.241181,93003241181000,T,PFE,19.0,32.7
2017-01-03 09:30:03.241204,93003241204000,T,PFE,100.0,32.7
2017-01-03 09:30:03.293030,93003293030000,T,PFE,200.0,32.7
2017-01-03 09:30:03.302748,93003302748000,T,PFE,1300.0,32.7
2017-01-03 09:30:03.557155,93003557155000,T,PFE,200.0,32.7
2017-01-03 09:30:03.557185,93003557185000,T,PFE,900.0,32.7
2017-01-03 09:30:03.641542,93003641542000,T,PFE,100.0,32.7
2017-01-03 09:30:03.641580,93003641580000,T,PFE,300.0,32.7
2017-01-03 09:30:03.685275,93003685275000,T,PFE,100.0,32.7
2017-01-03 09:30:03.737483,93003737483000,T,PFE,100.0,32.7
2017-01-03 09:30:03.878209,93003878209000,T,PFE,100.0,32.7
2017-01-03 09:30:04.941613,93004941613000,T,PFE,100.0,32.7
2017-01-03 09:30:04.941640,93004941640000,T,PFE,200.0,32.7
2017-01-03 09:30:05.486167,93005486167000,T,PFE,200.0,32.74
2017-01-03 09:30:05.991822,93005991822000,T,PFE,100.0,32.74
2017-01-03 09:30:06.427925,93006427925000,T,PFE,100.0,32.69
2017-01-03 09:30:06.427953,93006427953000,T,PFE,100.0,32.69
2017-01-03 09:30:06.428786,93006428786000,T,PFE,100.0,32.71
2017-01-03 09:30:07.520980,93007520980000,T,PFE,40.0,32.74
2017-01-03 09:30:07.523450,93007523450000,T,PFE,100.0,32.74
2017-01-03 09:30:07.572854,93007572854000,T,PFE,500.0,32.74
2017-01-03 09:30:08.297827,93008297827000,T,PFE,200.0,32.74
2017-01-03 09:30:10.832417,93010832417000,T,PFE,100.0,32.68
2017-01-03 09:30:10.832442,93010832442000,T,PFE,100.0,32.68
2017-01-03 09:30:10.874359,93010874359000,T,PFE,100.0,32.71
2017-01-03 09:30:11.018796,93011018796000,T,PFE,100.0,32.71
2017-01-03 09:30:11.865120,93011865120000,T,PFE,100.0,32.73
2017-01-03 09:30:12.421746,93012421746000,T,PFE,100.0,32.7
2017-01-03 09:30:12.827603,93012827603000,T,PFE,100.0,32.7
2017-01-03 09:30:12.912142,93012912142000,T,PFE,100.0,32.72
2017-01-03 09:30:13.157190,93013157190000,T,PFE,100.0,32.73
2017-01-03 09:30:13.706243,93013706243000,T,PFE,100.0,32.71
2017-01-03 09:30:13.790826,93013790826000,T,PFE,100.0,32.72
2017-01-03 09:30:14.827965,93014827965000,T,PFE,100.0,32.7
2017-01-03 09:30:14.866699,93014866699000,T,PFE,100.0,32.72
2017-01-03 09:30:15.044763,93015044763000,T,PFE,1200.0,32.72
2017-01-03 09:30:15.203243,93015203243000,T,PFE,100.0,32.72
2017-01-03 09:30:15.207561,93015207561000,T,PFE,100.0,32.73
2017-01-03 09:30:15.596217,93015596217000,T,PFE,100.0,32.73
2017-01-03 09:30:15.596238,93015596238000,T,PFE,100.0,32.73
2017-01-03 09:30:15.596264,93015596264000,T,PFE,200.0,32.73
2017-01-03 09:30:15.596312,93015596312000,T,PFE,100.0,32.73
2017-01-03 09:30:15.610456,93015610456000,T,PFE,100.0,32.73
2017-01-03 09:30:15.610475,93015610475000,T,PFE,200.0,32.73
2017-01-03 09:30:15.714791,93015714791000,T,PFE,100.0,32.73
2017-01-03 09:30:16.055990,93016055990000,T,PFE,100.0,32.73
2017-01-03 09:30:16.147196,93016147196000,T,PFE,100.0,32.72
2017-01-03 09:30:16.735125,93016735125000,T,PFE,100.0,32.73
2017-01-03 09:30:16.735700,93016735700000,T,PFE,100.0,32.73
2017-01-03 09:30:16.735720,93016735720000,T,PFE,100.0,32.73
2017-01-03 09:30:17.029413,93017029413000,T,PFE,100.0,32.72
2017-01-03 09:30:17.170107,93017170107000,T,PFE,100.0,32.7
2017-01-03 09:30:17.172894,93017172894000,T,PFE,100.0,32.7
2017-01-03 09:30:17.175810,93017175810000,T,PFE,200.0,32.69
2017-01-03 09:30:17.180603,93017180603000,T,PFE,200.0,32.69
2017-01-03 09:30:17.388760,93017388760000,T,PFE,100.0,32.72
2017-01-03 09:30:18.068782,93018068782000,T,PFE,300.0,32.72
2017-01-03 09:30:18.069573,93018069573000,T,PFE,400.0,32.72
2017-01-03 09:30:18.158533,93018158533000,T,PFE,100.0,32.71
2017-01-03 09:30:18.490930,93018490930000,T,PFE,300.0,32.72
2017-01-03 09:30:18.603993,93018603993000,T,PFE,100.0,32.72
2017-01-03 09:30:18.604012,93018604012000,T,PFE,300.0,32.72
2017-01-03 09:30:18.615878,93018615878000,T,PFE,400.0,32.72
2017-01-03 09:30:18.615901,93018615901000,T,PFE,100.0,32.72
2017-01-03 09:30:18.615926,93018615926000,T,PFE,200.0,32.72
2017-01-03 09:30:18.766299,93018766299000,T,PFE,100.0,32.71
2017-01-03 09:30:18.822149,93018822149000,T,PFE,100.0,32.7
2017-01-03 09:30:19.128491,93019128491000,T,PFE,100.0,32.68
2017-01-03 09:30:19.130678,93019130678000,T,PFE,300.0,32.68
2017-01-03 09:30:19.130700,93019130700000,T,PFE,100.0,32.68
2017-01-03 09:30:19.480243,93019480243000,T,PFE,100.0,32.69
2017-01-03 09:30:19.953195,93019953195000,T,PFE,100.0,32.68
2017-01-03 09:30:20.013135,93020013135000,T,PFE,1496.0,32.68
2017-01-03 09:30:20.013160,93020013160000,T,PFE,104.0,32.68
2017-01-03 09:30:20.374298,93020374298000,T,PFE,200.0,32.67
2017-01-03 09:30:20.374371,93020374371000,T,PFE,100.0,32.67
2017-01-03 09:30:21.005859,93021005859000,T,PFE,100.0,32.67
2017-01-03 09:30:21.652192,93021652192000,T,PFE,1500.0,32.68
2017-01-03 09:30:21.652426,93021652426000,T,PFE,100.0,32.68
2017-01-03 09:30:21.652449,93021652449000,T,PFE,100.0,32.68
2017-01-03 09:30:21.652474,93021652474000,T,PFE,100.0,32.68
2017-01-03 09:30:21.652498,93021652498000,T,PFE,100.0,32.68
2017-01-03 09:30:21.745783,93021745783000,T,PFE,1500.0,32.68
2017-01-03 09:30:21.806083,93021806083000,T,PFE,700.0,32.66
2017-01-03 09:30:21.807105,93021807105000,T,PFE,700.0,32.66
2017-01-03 09:30:22.090777,93022090777000,T,PFE,700.0,32.66
2017-01-03 09:30:23.424817,93023424817000,T,PFE,100.0,32.66
2017-01-03 09:30:24.653937,93024653937000,T,PFE,600.0,32.67
2017-01-03 09:30:24.653978,93024653978000,T,PFE,300.0,32.67
2017-01-03 09:30:24.654001,93024654001000,T,PFE,100.0,32.67
2017-01-03 09:30:24.654026,93024654026000,T,PFE,200.0,32.67
2017-01-03 09:30:24.654257,93024654257000,T,PFE,100.0,32.67
2017-01-03 09:30:24.654307,93024654307000,T,PFE,100.0,32.67
2017-01-03 09:30:24.654332,93024654332000,T,PFE,661.0,32.67
2017-01-03 09:30:24.654357,93024654357000,T,PFE,39.0,32.67
2017-01-03 09:30:24.654405,93024654405000,T,PFE,61.0,32.67
2017-01-03 09:30:24.661677,93024661677000,T,PFE,200.0,32.68
2017-01-03 09:30:24.661697,93024661697000,T,PFE,700.0,32.68
2017-01-03 09:30:24.806542,93024806542000,T,PFE,600.0,32.68
2017-01-03 09:30:24.828765,93024828765000,T,PFE,100.0,32.68
2017-01-03 09:30:24.828791,93024828791000,T,PFE,100.0,32.68
2017-01-03 09:30:27.726509,93027726509000,T,PFE,100.0,32.68
2017-01-03 09:30:27.726538,93027726538000,T,PFE,100.0,32.68
2017-01-03 09:30:27.726567,93027726567000,T,PFE,100.0,32.68
2017-01-03 09:30:27.726591,93027726591000,T,PFE,100.0,32.68
2017-01-03 09:30:27.737842,93027737842000,T,PFE,100.0,32.68
2017-01-03 09:30:27.737868,93027737868000,T,PFE,100.0,32.68
2017-01-03 09:30:27.738545,93027738545000,T,PFE,100.0,32.68
2017-01-03 09:30:27.738565,93027738565000,T,PFE,100.0,32.68
2017-01-03 09:30:27.738590,93027738590000,T,PFE,500.0,32.68
2017-01-03 09:30:27.955435,93027955435000,T,PFE,100.0,32.68
2017-01-03 09:30:27.989131,93027989131000,T,PFE,600.0,32.68
2017-01-03 09:30:27.989179,93027989179000,T,PFE,100.0,32.68
2017-01-03 09:30:28.814443,93028814443000,T,PFE,100.0,32.65
2017-01-03 09:30:28.817876,93028817876000,T,PFE,100.0,32.65
2017-01-03 09:30:28.818190,93028818190000,T,PFE,100.0,32.65
2017-01-03 09:30:28.819919,93028819919000,T,PFE,300.0,32.65
2017-01-03 09:30:28.819943,93028819943000,T,PFE,100.0,32.65
2017-01-03 09:30:28.820578,93028820578000,T,PFE,500.0,32.68
2017-01-03 09:30:28.820622,93028820622000,T,PFE,100.0,32.68
2017-01-03 09:30:28.821866,93028821866000,T,PFE,500.0,32.68
2017-01-03 09:30:28.821891,93028821891000,T,PFE,200.0,32.68
2017-01-03 09:30:28.827429,93028827429000,T,PFE,500.0,32.68
2017-01-03 09:30:28.827454,93028827454000,T,PFE,94.0,32.68
2017-01-03 09:30:28.828460,93028828460000,T,PFE,495.0,32.68
2017-01-03 09:30:28.829869,93028829869000,T,PFE,5.0,32.68
2017-01-03 09:30:28.829892,93028829892000,T,PFE,500.0,32.68
2017-01-03 09:30:28.829914,93028829914000,T,PFE,93.0,32.68
2017-01-03 09:30:28.831993,93028831993000,T,PFE,200.0,32.68
2017-01-03 09:30:28.832021,93028832021000,T,PFE,300.0,32.68
2017-01-03 09:30:28.832778,93028832778000,T,PFE,495.0,32.68
2017-01-03 09:30:28.832823,93028832823000,T,PFE,5.0,32.68
2017-01-03 09:30:28.833459,93028833459000,T,PFE,100.0,32.68
2017-01-03 09:30:28.833488,93028833488000,T,PFE,100.0,32.68
2017-01-03 09:30:28.835734,93028835734000,T,PFE,300.0,32.68
2017-01-03 09:30:28.835763,93028835763000,T,PFE,96.0,32.68
2017-01-03 09:30:28.838238,93028838238000,T,PFE,500.0,32.68
2017-01-03 09:30:28.838263,93028838263000,T,PFE,94.0,32.68
2017-01-03 09:30:28.849203,93028849203000,T,PFE,500.0,32.68
2017-01-03 09:30:28.849230,93028849230000,T,PFE,94.0,32.68
2017-01-03 09:30:28.855318,93028855318000,T,PFE,495.0,32.68
2017-01-03 09:30:28.858368,93028858368000,T,PFE,5.0,32.68
2017-01-03 09:30:28.858392,93028858392000,T,PFE,6.0,32.68
2017-01-03 09:30:28.858418,93028858418000,T,PFE,400.0,32.68
2017-01-03 09:30:28.870299,93028870299000,T,PFE,94.0,32.68
2017-01-03 09:30:28.870331,93028870331000,T,PFE,494.0,32.68
2017-01-03 09:30:28.896654,93028896654000,T,PFE,6.0,32.68
2017-01-03 09:30:28.896680,93028896680000,T,PFE,94.0,32.68
2017-01-03 09:30:28.896708,93028896708000,T,PFE,100.0,32.68
2017-01-03 09:30:28.896937,93028896937000,T,PFE,100.0,32.68
2017-01-03 09:30:28.896968,93028896968000,T,PFE,106.0,32.68
2017-01-03 09:30:28.998295,93028998295000,T,PFE,97.0,32.68
2017-01-03 09:30:29.260744,93029260744000,T,PFE,100.0,32.66
2017-01-03 09:30:29.461809,93029461809000,T,PFE,38.0,32.67
2017-01-03 09:30:30.436372,93030436372000,T,PFE,100.0,32.66
2017-01-03 09:30:30.436394,93030436394000,T,PFE,100.0,32.66
2017-01-03 09:30:30.862141,93030862141000,T,PFE,600.0,32.66
2017-01-03 09:30:30.862172,93030862172000,T,PFE,100.0,32.66
2017-01-03 09:30:31.442041,93031442041000,T,PFE,100.0,32.67
2017-01-03 09:30:31.442071,93031442071000,T,PFE,300.0,32.67
2017-01-03 09:30:31.442095,93031442095000,T,PFE,100.0,32.66
2017-01-03 09:30:31.442119,93031442119000,T,PFE,100.0,32.66
2017-01-03 09:30:31.442764,93031442764000,T,PFE,400.0,32.66
2017-01-03 09:30:31.442789,93031442789000,T,PFE,100.0,32.66
2017-01-03 09:30:31.442813,93031442813000,T,PFE,100.0,32.66
2017-01-03 09:30:32.055799,93032055799000,T,PFE,100.0,32.66
2017-01-03 09:30:35.255088,93035255088000,T,PFE,300.0,32.64
2017-01-03 09:30:45.355583,93045355583000,T,PFE,100.0,32.62
2017-01-03 09:30:55.892397,93055892397000,T,PFE,200.0,32.62
2017-01-03 09:30:56.363602,93056363602000,T,PFE,100.0,32.62
2017-01-03 09:30:56.368055,93056368055000,T,PFE,100.0,32.62
2017-01-03 09:31:10.962418,93110962418000,T,PFE,100.0,32.61
2017-01-03 09:31:13.542262,93113542262000,T,PFE,100.0,32.6
2017-01-03 09:31:16.748982,93116748982000,T,PFE,100.0,32.6
2017-01-03 09:31:18.854008,93118854008000,T,PFE,100.0,32.61
2017-01-03 09:31:18.854059,93118854059000,T,PFE,100.0,32.61
2017-01-03 09:31:18.854083,93118854083000,T,PFE,100.0,32.61
2017-01-03 09:31:20.100489,93120100489000,T,PFE,100.0,32.63
2017-01-03 09:31:20.101221,93120101221000,T,PFE,100.0,32.63
2017-01-03 09:31:20.101284,93120101284000,T,PFE,100.0,32.63
2017-01-03 09:31:22.213162,93122213162000,T,PFE,100.0,32.63
2017-01-03 09:31:28.143797,93128143797000,T,PFE,600.0,32.63
2017-01-03 09:31:42.109564,93142109564000,T,PFE,17.0,32.64
2017-01-03 09:31:42.109586,93142109586000,T,PFE,200.0,32.64
2017-01-03 09:31:42.109619,93142109619000,T,PFE,100.0,32.64
2017-01-03 09:31:44.867013,93144867013000,T,PFE,100.0,32.66
2017-01-03 09:31:45.926322,93145926322000,T,PFE,100.0,32.65
2017-01-03 09:31:46.322348,93146322348000,T,PFE,139.0,32.65
2017-01-03 09:31:46.323829,93146323829000,T,PFE,16.0,32.65
2017-01-03 09:31:46.403951,93146403951000,T,PFE,100.0,32.66
2017-01-03 09:31:46.403979,93146403979000,T,PFE,200.0,32.66
2017-01-03 09:31:51.829053,93151829053000,T,PFE,100.0,32.66
2017-01-03 09:31:51.829077,93151829077000,T,PFE,100.0,32.66
2017-01-03 09:32:00.102917,93200102917000,T,PFE,100.0,32.665
2017-01-03 09:32:01.726888,93201726888000,T,PFE,100.0,32.66
2017-01-03 09:32:01.943123,93201943123000,T,PFE,100.0,32.66
2017-01-03 09:32:03.299379,93203299379000,T,PFE,100.0,32.67
2017-01-03 09:32:03.299403,93203299403000,T,PFE,100.0,32.67
2017-01-03 09:32:03.299614,93203299614000,T,PFE,100.0,32.67
2017-01-03 09:32:04.848520,93204848520000,T,PFE,100.0,32.67
2017-01-03 09:32:04.848541,93204848541000,T,PFE,154.0,32.67
2017-01-03 09:32:04.848566,93204848566000,T,PFE,46.0,32.67
2017-01-03 09:32:04.848669,93204848669000,T,PFE,100.0,32.67
2017-01-03 09:32:04.848689,93204848689000,T,PFE,200.0,32.67
2017-01-03 09:32:10.391270,93210391270000,T,PFE,35.0,32.675
2017-01-03 09:32:12.064890,93212064890000,T,PFE,200.0,32.675
2017-01-03 09:32:12.064916,93212064916000,T,PFE,200.0,32.68
2017-01-03 09:32:12.067244,93212067244000,T,PFE,200.0,32.68
2017-01-03 09:32:12.067265,93212067265000,T,PFE,300.0,32.68
2017-01-03 09:32:12.067310,93212067310000,T,PFE,200.0,32.68
2017-01-03 09:32:12.067355,93212067355000,T,PFE,100.0,32.68
2017-01-03 09:32:12.067407,93212067407000,T,PFE,200.0,32.68
2017-01-03 09:32:12.067511,93212067511000,T,PFE,200.0,32.68
2017-01-03 09:32:12.074776,93212074776000,T,PFE,200.0,32.68
2017-01-03 09:32:12.074799,93212074799000,T,PFE,300.0,32.68
2017-01-03 09:32:12.074826,93212074826000,T,PFE,100.0,32.68
2017-01-03 09:32:12.074851,93212074851000,T,PFE,200.0,32.68
2017-01-03 09:32:12.074876,93212074876000,T,PFE,400.0,32.68
2017-01-03 09:32:12.382519,93212382519000,T,PFE,100.0,32.675
2017-01-03 09:32:12.383017,93212383017000,T,PFE,25.0,32.675
2017-01-03 09:32:15.036493,93215036493000,T,PFE,100.0,32.67
2017-01-03 09:32:21.205341,93221205341000,T,PFE,100.0,32.665
2017-01-03 09:32:29.418891,93229418891000,T,PFE,100.0,32.65
2017-01-03 09:32:31.210585,93231210585000,T,PFE,200.0,32.64
2017-01-03 09:32:31.211518,93231211518000,T,PFE,400.0,32.645
2017-01-03 09:32:31.211552,93231211552000,T,PFE,500.0,32.65
2017-01-03 09:32:31.211622,93231211622000,T,PFE,200.0,32.65
2017-01-03 09:32:31.211647,93231211647000,T,PFE,100.0,32.65
2017-01-03 09:32:31.211672,93231211672000,T,PFE,100.0,32.65
2017-01-03 09:32:31.211697,93231211697000,T,PFE,100.0,32.65
2017-01-03 09:32:31.211721,93231211721000,T,PFE,100.0,32.65
2017-01-03 09:32:31.211746,93231211746000,T,PFE,100.0,32.65
2017-01-03 09:32:31.211770,93231211770000,T,PFE,100.0,32.65
2017-01-03 09:32:31.212826,93231212826000,T,PFE,100.0,32.65
2017-01-03 09:32:31.212855,93231212855000,T,PFE,200.0,32.65
2017-01-03 09:32:32.513020,93232513020000,T,PFE,200.0,32.65
2017-01-03 09:32:43.696735,93243696735000,T,PFE,200.0,32.645
2017-01-03 09:32:43.696759,93243696759000,T,PFE,200.0,32.65
2017-01-03 09:32:43.696787,93243696787000,T,PFE,100.0,32.65
2017-01-03 09:32:47.599328,93247599328000,T,PFE,100.0,32.65
2017-01-03 09:32:51.883423,93251883423000,T,PFE,100.0,32.65
2017-01-03 09:32:55.093301,93255093301000,T,PFE,100.0,32.65
2017-01-03 09:32:55.093325,93255093325000,T,PFE,100.0,32.65
2017-01-03 09:33:07.925672,93307925672000,T,PFE,200.0,32.655
2017-01-03 09:33:07.925721,93307925721000,T,PFE,400.0,32.66
2017-01-03 09:33:07.925746,93307925746000,T,PFE,5.0,32.66
2017-01-03 09:33:07.926100,93307926100000,T,PFE,195.0,32.66
2017-01-03 09:33:07.926126,93307926126000,T,PFE,32.0,32.66
2017-01-03 09:33:07.926151,93307926151000,T,PFE,100.0,32.66
2017-01-03 09:33:07.926175,93307926175000,T,PFE,100.0,32.66
2017-01-03 09:33:12.624006,93312624006000,T,PFE,200.0,32.67
2017-01-03 09:33:12.689519,93312689519000,T,PFE,200.0,32.68
2017-01-03 09:33:14.785890,93314785890000,T,PFE,200.0,32.675
2017-01-03 09:33:14.785912,93314785912000,T,PFE,200.0,32.68
2017-01-03 09:33:14.785932,93314785932000,T,PFE,200.0,32.68
2017-01-03 09:33:14.785957,93314785957000,T,PFE,100.0,32.68
2017-01-03 09:33:14.785992,93314785992000,T,PFE,200.0,32.68
2017-01-03 09:33:14.786016,93314786016000,T,PFE,100.0,32.68
2017-01-03 09:33:14.786040,93314786040000,T,PFE,100.0,32.68
2017-01-03 09:33:14.786065,93314786065000,T,PFE,400.0,32.68
2017-01-03 09:33:19.754929,93319754929000,T,PFE,100.0,32.67
2017-01-03 09:33:19.754954,93319754954000,T,PFE,100.0,32.67
2017-01-03 09:33:19.759812,93319759812000,T,PFE,100.0,32.665
2017-01-03 09:33:19.759837,93319759837000,T,PFE,200.0,32.67
2017-01-03 09:33:19.759862,93319759862000,T,PFE,100.0,32.67
2017-01-03 09:33:19.759886,93319759886000,T,PFE,100.0,32.67
2017-01-03 09:33:19.768371,93319768371000,T,PFE,100.0,32.67
2017-01-03 09:33:19.784297,93319784297000,T,PFE,100.0,32.67
2017-01-03 09:33:20.479169,93320479169000,T,PFE,100.0,32.67
2017-01-03 09:33:21.513750,93321513750000,T,PFE,200.0,32.67
2017-01-03 09:33:21.513775,93321513775000,T,PFE,200.0,32.67
2017-01-03 09:33:23.281676,93323281676000,T,PFE,200.0,32.66
2017-01-03 09:33:23.281707,93323281707000,T,PFE,100.0,32.66
2017-01-03 09:33:26.000336,93326000336000,T,PFE,100.0,32.65
2017-01-03 09:33:27.057368,93327057368000,T,PFE,100.0,32.64
2017-01-03 09:33:27.337899,93327337899000,T,PFE,200.0,32.64
2017-01-03 09:33:27.337924,93327337924000,T,PFE,200.0,32.64
2017-01-03 09:33:27.337945,93327337945000,T,PFE,100.0,32.64
2017-01-03 09:33:28.638230,93328638230000,T,PFE,200.0,32.65
2017-01-03 09:33:28.638258,93328638258000,T,PFE,200.0,32.65
2017-01-03 09:33:28.638289,93328638289000,T,PFE,100.0,32.65
2017-01-03 09:33:29.953775,93329953775000,T,PFE,200.0,32.64
2017-01-03 09:33:29.953797,93329953797000,T,PFE,200.0,32.64
2017-01-03 09:33:29.953826,93329953826000,T,PFE,100.0,32.64
2017-01-03 09:33:29.953851,93329953851000,T,PFE,200.0,32.64
2017-01-03 09:33:29.953876,93329953876000,T,PFE,100.0,32.64
2017-01-03 09:33:29.953901,93329953901000,T,PFE,413.0,32.64
2017-01-03 09:33:31.843414,93331843414000,T,PFE,200.0,32.64
2017-01-03 09:33:31.843438,93331843438000,T,PFE,100.0,32.64
2017-01-03 09:33:31.843460,93331843460000,T,PFE,200.0,32.64
2017-01-03 09:33:31.844104,93331844104000,T,PFE,100.0,32.64
2017-01-03 09:33:31.844657,93331844657000,T,PFE,200.0,32.64
2017-01-03 09:33:36.676428,93336676428000,T,PFE,200.0,32.65
2017-01-03 09:33:36.676451,93336676451000,T,PFE,200.0,32.65
2017-01-03 09:33:36.676523,93336676523000,T,PFE,100.0,32.65
2017-01-03 09:33:41.422023,93341422023000,T,PFE,200.0,32.65
2017-01-03 09:33:41.422043,93341422043000,T,PFE,100.0,32.65
2017-01-03 09:33:41.739128,93341739128000,T,PFE,200.0,32.65
2017-01-03 09:33:41.739176,93341739176000,T,PFE,200.0,32.65
2017-01-03 09:33:41.739200,93341739200000,T,PFE,200.0,32.65
2017-01-03 09:33:43.030989,93343030989000,T,PFE,200.0,32.65
2017-01-03 09:33:45.206266,93345206266000,T,PFE,200.0,32.65
2017-01-03 09:33:45.206289,93345206289000,T,PFE,99.0,32.65
2017-01-03 09:33:45.206801,93345206801000,T,PFE,200.0,32.65
2017-01-03 09:33:45.206826,93345206826000,T,PFE,100.0,32.65
2017-01-03 09:33:45.209361,93345209361000,T,PFE,200.0,32.66
2017-01-03 09:33:45.209381,93345209381000,T,PFE,200.0,32.66
2017-01-03 09:33:55.221855,93355221855000,T,PFE,200.0,32.67
2017-01-03 09:33:55.221878,93355221878000,T,PFE,200.0,32.67
2017-01-03 09:33:55.221902,93355221902000,T,PFE,100.0,32.67
2017-01-03 09:33:55.221920,93355221920000,T,PFE,100.0,32.67
2017-01-03 09:33:55.221939,93355221939000,T,PFE,100.0,32.67
2017-01-03 09:34:03.393133,93403393133000,T,PFE,200.0,32.67
2017-01-03 09:34:03.393157,93403393157000,T,PFE,100.0,32.67
2017-01-03 09:34:04.490212,93404490212000,T,PFE,400.0,32.67
2017-01-03 09:34:04.490236,93404490236000,T,PFE,100.0,32.67
2017-01-03 09:34:04.490285,93404490285000,T,PFE,100.0,32.67
2017-01-03 09:34:04.794254,93404794254000,T,PFE,200.0,32.66
2017-01-03 09:34:04.794274,93404794274000,T,PFE,200.0,32.66
2017-01-03 09:34:04.794295,93404794295000,T,PFE,400.0,32.66
2017-01-03 09:34:04.795629,93404795629000,T,PFE,600.0,32.66
2017-01-03 09:34:04.795658,93404795658000,T,PFE,100.0,32.66
2017-01-03 09:34:04.795685,93404795685000,T,PFE,200.0,32.66
2017-01-03 09:34:04.795708,93404795708000,T,PFE,200.0,32.66
2017-01-03 09:34:04.795757,93404795757000,T,PFE,200.0,32.66
2017-01-03 09:34:04.795777,93404795777000,T,PFE,100.0,32.66
2017-01-03 09:34:10.541573,93410541573000,T,PFE,200.0,32.67
2017-01-03 09:34:10.541600,93410541600000,T,PFE,43.0,32.67
2017-01-03 09:34:15.331059,93415331059000,T,PFE,157.0,32.67
2017-01-03 09:34:15.331089,93415331089000,T,PFE,100.0,32.67
2017-01-03 09:34:15.331172,93415331172000,T,PFE,20.0,32.67
2017-01-03 09:34:16.102851,93416102851000,T,PFE,80.0,32.67
2017-01-03 09:34:16.102879,93416102879000,T,PFE,100.0,32.67
2017-01-03 09:34:16.102905,93416102905000,T,PFE,29.0,32.67
2017-01-03 09:34:21.491485,93421491485000,T,PFE,200.0,32.66
2017-01-03 09:34:21.491509,93421491509000,T,PFE,100.0,32.66
2017-01-03 09:34:21.493126,93421493126000,T,PFE,800.0,32.66
2017-01-03 09:34:21.493149,93421493149000,T,PFE,100.0,32.66
2017-01-03 09:34:21.498716,93421498716000,T,PFE,200.0,32.66
2017-01-03 09:34:21.498735,93421498735000,T,PFE,200.0,32.66
2017-01-03 09:34:21.498760,93421498760000,T,PFE,100.0,32.66
2017-01-03 09:34:21.499097,93421499097000,T,PFE,100.0,32.66
2017-01-03 09:34:21.499126,93421499126000,T,PFE,200.0,32.66
2017-01-03 09:34:28.675825,93428675825000,T,PFE,100.0,32.66
2017-01-03 09:34:28.675848,93428675848000,T,PFE,10.0,32.66
2017-01-03 09:34:40.602969,93440602969000,T,PFE,100.0,32.67
2017-01-03 09:34:44.630963,93444630963000,T,PFE,71.0,32.67
2017-01-03 09:34:44.630984,93444630984000,T,PFE,29.0,32.67
2017-01-03 09:34:47.703065,93447703065000,T,PFE,100.0,32.67
2017-01-03 09:34:47.703099,93447703099000,T,PFE,100.0,32.67
2017-01-03 09:34:47.703188,93447703188000,T,PFE,100.0,32.67
2017-01-03 09:34:47.703209,93447703209000,T,PFE,200.0,32.67
2017-01-03 09:34:49.867363,93449867363000,T,PFE,100.0,32.67
2017-01-03 09:34:58.737578,93458737578000,T,PFE,200.0,32.66
2017-01-03 09:35:00.565669,93500565669000,T,PFE,200.0,32.66
2017-01-03 09:35:00.565694,93500565694000,T,PFE,200.0,32.66
2017-01-03 09:35:04.225815,93504225815000,T,PFE,200.0,32.67
2017-01-03 09:35:04.225840,93504225840000,T,PFE,200.0,32.67
2017-01-03 09:35:04.972017,93504972017000,T,PFE,100.0,32.68
2017-01-03 09:35:04.986143,93504986143000,T,PFE,100.0,32.68
2017-01-03 09:35:05.412647,93505412647000,T,PFE,100.0,32.68
2017-01-03 09:35:05.488634,93505488634000,T,PFE,100.0,32.68
2017-01-03 09:35:12.945530,93512945530000,T,PFE,100.0,32.67
2017-01-03 09:35:19.201867,93519201867000,T,PFE,30.0,32.67
2017-01-03 09:35:19.202239,93519202239000,T,PFE,70.0,32.67
2017-01-03 09:35:19.202259,93519202259000,T,PFE,100.0,32.67
2017-01-03 09:35:19.202284,93519202284000,T,PFE,2800.0,32.67
2017-01-03 09:35:19.202308,93519202308000,T,PFE,8.0,32.67
2017-01-03 09:35:19.202333,93519202333000,T,PFE,300.0,32.67
2017-01-03 09:35:19.202358,93519202358000,T,PFE,100.0,32.67
2017-01-03 09:35:19.202382,93519202382000,T,PFE,100.0,32.67
2017-01-03 09:35:19.202432,93519202432000,T,PFE,46.0,32.67
2017-01-03 09:35:19.202696,93519202696000,T,PFE,1239.0,32.67
2017-01-03 09:35:19.263515,93519263515000,T,PFE,200.0,32.67
2017-01-03 09:35:19.263539,93519263539000,T,PFE,200.0,32.67
2017-01-03 09:35:19.263560,93519263560000,T,PFE,900.0,32.67
2017-01-03 09:35:19.263585,93519263585000,T,PFE,100.0,32.67
2017-01-03 09:35:19.327686,93519327686000,T,PFE,100.0,32.68
2017-01-03 09:35:19.779639,93519779639000,T,PFE,200.0,32.68
2017-01-03 09:35:24.152175,93524152175000,T,PFE,200.0,32.67
2017-01-03 09:35:24.152203,93524152203000,T,PFE,300.0,32.67
2017-01-03 09:35:27.369741,93527369741000,T,PFE,200.0,32.68
2017-01-03 09:35:27.369759,93527369759000,T,PFE,200.0,32.68
2017-01-03 09:35:27.369808,93527369808000,T,PFE,100.0,32.68
2017-01-03 09:35:27.369896,93527369896000,T,PFE,200.0,32.68
2017-01-03 09:35:27.369916,93527369916000,T,PFE,100.0,32.68
2017-01-03 09:35:27.369943,93527369943000,T,PFE,100.0,32.68
2017-01-03 09:35:27.369968,93527369968000,T,PFE,200.0,32.68
2017-01-03 09:35:27.370041,93527370041000,T,PFE,100.0,32.68
2017-01-03 09:35:27.370089,93527370089000,T,PFE,100.0,32.68
2017-01-03 09:35:27.370256,93527370256000,T,PFE,400.0,32.68
2017-01-03 09:35:27.370292,93527370292000,T,PFE,200.0,32.68
2017-01-03 09:35:27.370315,93527370315000,T,PFE,61.0,32.68
2017-01-03 09:35:27.370336,93527370336000,T,PFE,61.0,32.68
2017-01-03 09:35:27.370385,93527370385000,T,PFE,200.0,32.68
2017-01-03 09:35:27.370493,93527370493000,T,PFE,100.0,32.68
2017-01-03 09:35:27.370493,93527370493000,T,PFE,100.0,32.68
2017-01-03 09:35:27.370493,93527370493000,T,PFE,100.0,32.68
2017-01-03 09:35:27.370557,93527370557000,T,PFE,100.0,32.68
2017-01-03 09:35:27.370557,93527370557000,T,PFE,100.0,32.68
2017-01-03 09:35:27.370557,93527370557000,T,PFE,200.0,32.68
2017-01-03 09:35:31.039981,93531039981000,T,PFE,100.0,32.68
2017-01-03 09:35:31.040004,93531040004000,T,PFE,617.0,32.68
2017-01-03 09:35:31.040028,93531040028000,T,PFE,183.0,32.68
2017-01-03 09:35:31.040053,93531040053000,T,PFE,200.0,32.68
2017-01-03 09:35:36.794817,93536794817000,T,PFE,200.0,32.68
2017-01-03 09:35:36.794837,93536794837000,T,PFE,100.0,32.68
2017-01-03 09:35:38.439817,93538439817000,T,PFE,200.0,32.68
2017-01-03 09:35:38.439841,93538439841000,T,PFE,200.0,32.68
2017-01-03 09:35:38.439863,93538439863000,T,PFE,400.0,32.68
2017-01-03 09:35:38.439885,93538439885000,T,PFE,200.0,32.68
2017-01-03 09:35:38.439909,93538439909000,T,PFE,100.0,32.68
2017-01-03 09:35:38.439936,93538439936000,T,PFE,100.0,32.68
2017-01-03 09:35:38.470270,93538470270000,T,PFE,100.0,32.68
2017-01-03 09:35:38.470299,93538470299000,T,PFE,200.0,32.68
2017-01-03 09:35:38.470450,93538470450000,T,PFE,200.0,32.68
2017-01-03 09:35:38.470476,93538470476000,T,PFE,100.0,32.68
2017-01-03 09:35:39.319384,93539319384000,T,PFE,200.0,32.68
2017-01-03 09:35:39.319407,93539319407000,T,PFE,200.0,32.68
2017-01-03 09:35:39.319429,93539319429000,T,PFE,300.0,32.68
2017-01-03 09:35:39.319451,93539319451000,T,PFE,200.0,32.68
2017-01-03 09:35:39.319476,93539319476000,T,PFE,100.0,32.68
2017-01-03 09:35:39.319500,93539319500000,T,PFE,200.0,32.68
2017-01-03 09:35:39.320140,93539320140000,T,PFE,500.0,32.68
2017-01-03 09:35:39.329552,93539329552000,T,PFE,200.0,32.68
2017-01-03 09:35:39.329600,93539329600000,T,PFE,200.0,32.68
2017-01-03 09:35:39.329727,93539329727000,T,PFE,100.0,32.68
2017-01-03 09:35:52.428956,93552428956000,T,PFE,100.0,32.68
2017-01-03 09:35:52.429030,93552429030000,T,PFE,100.0,32.68
2017-01-03 09:35:52.429055,93552429055000,T,PFE,100.0,32.68
2017-01-03 09:35:52.429080,93552429080000,T,PFE,100.0,32.68
2017-01-03 09:35:52.429100,93552429100000,T,PFE,100.0,32.68
2017-01-03 09:35:53.230815,93553230815000,T,PFE,200.0,32.67
2017-01-03 09:35:53.230835,93553230835000,T,PFE,100.0,32.67
2017-01-03 09:35:56.044635,93556044635000,T,PFE,100.0,32.66
2017-01-03 09:35:56.660305,93556660305000,T,PFE,100.0,32.66
2017-01-03 09:35:56.660328,93556660328000,T,PFE,200.0,32.66
2017-01-03 09:35:56.660353,93556660353000,T,PFE,200.0,32.66
2017-01-03 09:35:56.660377,93556660377000,T,PFE,100.0,32.66
2017-01-03 09:35:56.660402,93556660402000,T,PFE,100.0,32.66
2017-01-03 09:35:56.665689,93556665689000,T,PFE,100.0,32.66
2017-01-03 09:35:56.665710,93556665710000,T,PFE,200.0,32.66
2017-01-03 09:35:56.854352,93556854352000,T,PFE,100.0,32.66
2017-01-03 09:35:56.854376,93556854376000,T,PFE,153.0,32.66
2017-01-03 09:35:57.861214,93557861214000,T,PFE,247.0,32.66
2017-01-03 09:35:57.861245,93557861245000,T,PFE,200.0,32.66
2017-01-03 09:35:57.861269,93557861269000,T,PFE,100.0,32.66
2017-01-03 09:35:58.649945,93558649945000,T,PFE,200.0,32.66
2017-01-03 09:35:58.649970,93558649970000,T,PFE,196.0,32.66
2017-01-03 09:35:59.061831,93559061831000,T,PFE,400.0,32.66
2017-01-03 09:35:59.061854,93559061854000,T,PFE,200.0,32.66
2017-01-03 09:35:59.061882,93559061882000,T,PFE,200.0,32.66
2017-01-03 09:35:59.061907,93559061907000,T,PFE,200.0,32.66
2017-01-03 09:35:59.061931,93559061931000,T,PFE,100.0,32.66
2017-01-03 09:36:00.155972,93600155972000,T,PFE,200.0,32.66
2017-01-03 09:36:00.155997,93600155997000,T,PFE,199.0,32.66
2017-01-03 09:36:02.885592,93602885592000,T,PFE,501.0,32.66
2017-01-03 09:36:02.885614,93602885614000,T,PFE,100.0,32.66
2017-01-03 09:36:02.885638,93602885638000,T,PFE,200.0,32.66
2017-01-03 09:36:02.885663,93602885663000,T,PFE,100.0,32.66
2017-01-03 09:36:03.115293,93603115293000,T,PFE,200.0,32.66
2017-01-03 09:36:03.115319,93603115319000,T,PFE,100.0,32.66
2017-01-03 09:36:05.929691,93605929691000,T,PFE,200.0,32.67
2017-01-03 09:36:05.929719,93605929719000,T,PFE,300.0,32.67
2017-01-03 09:36:05.929744,93605929744000,T,PFE,100.0,32.67
2017-01-03 09:36:05.929794,93605929794000,T,PFE,200.0,32.67
2017-01-03 09:36:05.929852,93605929852000,T,PFE,91.0,32.67
2017-01-03 09:36:05.929877,93605929877000,T,PFE,9.0,32.67
2017-01-03 09:36:05.930047,93605930047000,T,PFE,300.0,32.67
2017-01-03 09:36:07.742232,93607742232000,T,PFE,200.0,32.68
2017-01-03 09:36:07.742256,93607742256000,T,PFE,38.0,32.68
2017-01-03 09:36:07.781663,93607781663000,T,PFE,100.0,32.68
2017-01-03 09:36:07.781775,93607781775000,T,PFE,62.0,32.68
2017-01-03 09:36:16.808715,93616808715000,T,PFE,100.0,32.68
2017-01-03 09:36:21.882726,93621882726000,T,PFE,100.0,32.67
2017-01-03 09:36:21.921431,93621921431000,T,PFE,100.0,32.67
2017-01-03 09:36:21.923428,93621923428000,T,PFE,85.0,32.67
2017-01-03 09:36:26.482195,93626482195000,T,PFE,15.0,32.67
2017-01-03 09:36:26.482219,93626482219000,T,PFE,100.0,32.67
2017-01-03 09:36:26.482245,93626482245000,T,PFE,100.0,32.67
2017-01-03 09:36:26.482269,93626482269000,T,PFE,60.0,32.67
2017-01-03 09:36:26.482294,93626482294000,T,PFE,60.0,32.67
2017-01-03 09:36:26.482315,93626482315000,T,PFE,200.0,32.67
2017-01-03 09:36:26.482337,93626482337000,T,PFE,100.0,32.67
2017-01-03 09:36:26.482361,93626482361000,T,PFE,200.0,32.67
2017-01-03 09:36:26.482386,93626482386000,T,PFE,200.0,32.67
2017-01-03 09:36:28.696725,93628696725000,T,PFE,200.0,32.67
2017-01-03 09:36:28.696751,93628696751000,T,PFE,100.0,32.67
2017-01-03 09:36:28.696773,93628696773000,T,PFE,200.0,32.67
2017-01-03 09:36:28.696798,93628696798000,T,PFE,100.0,32.67
2017-01-03 09:36:31.203582,93631203582000,T,PFE,100.0,32.67
2017-01-03 09:36:36.190656,93636190656000,T,PFE,100.0,32.67
2017-01-03 09:36:36.191712,93636191712000,T,PFE,100.0,32.67
2017-01-03 09:36:36.191732,93636191732000,T,PFE,200.0,32.67
2017-01-03 09:36:36.361694,93636361694000,T,PFE,200.0,32.67
2017-01-03 09:36:36.361718,93636361718000,T,PFE,100.0,32.67
2017-01-03 09:36:36.361741,93636361741000,T,PFE,180.0,32.67
2017-01-03 09:36:36.362528,93636362528000,T,PFE,200.0,32.67
2017-01-03 09:36:36.362554,93636362554000,T,PFE,200.0,32.67
2017-01-03 09:36:36.362579,93636362579000,T,PFE,400.0,32.67
2017-01-03 09:36:36.362860,93636362860000,T,PFE,100.0,32.67
2017-01-03 09:36:36.362880,93636362880000,T,PFE,700.0,32.67
2017-01-03 09:36:36.471032,93636471032000,T,PFE,100.0,32.67
2017-01-03 09:36:36.471182,93636471182000,T,PFE,100.0,32.67
2017-01-03 09:36:36.471205,93636471205000,T,PFE,100.0,32.67
2017-01-03 09:36:36.471240,93636471240000,T,PFE,45.0,32.67
2017-01-03 09:36:36.485644,93636485644000,T,PFE,100.0,32.67
2017-01-03 09:36:36.501258,93636501258000,T,PFE,100.0,32.67
2017-01-03 09:36:39.040415,93639040415000,T,PFE,200.0,32.68
2017-01-03 09:36:39.040441,93639040441000,T,PFE,100.0,32.68
2017-01-03 09:36:39.040465,93639040465000,T,PFE,100.0,32.68
2017-01-03 09:36:39.074573,93639074573000,T,PFE,200.0,32.69
2017-01-03 09:36:39.074597,93639074597000,T,PFE,200.0,32.69
2017-01-03 09:36:39.543532,93639543532000,T,PFE,300.0,32.7
2017-01-03 09:36:39.588341,93639588341000,T,PFE,200.0,32.7
2017-01-03 09:36:39.625796,93639625796000,T,PFE,200.0,32.7
2017-01-03 09:36:39.664434,93639664434000,T,PFE,200.0,32.7
2017-01-03 09:36:39.702338,93639702338000,T,PFE,100.0,32.7
2017-01-03 09:36:39.704160,93639704160000,T,PFE,1264.0,32.7
2017-01-03 09:36:39.704185,93639704185000,T,PFE,136.0,32.7
2017-01-03 09:36:39.704210,93639704210000,T,PFE,200.0,32.7
2017-01-03 09:36:39.704235,93639704235000,T,PFE,100.0,32.7
2017-01-03 09:36:39.745956,93639745956000,T,PFE,100.0,32.71
2017-01-03 09:36:39.781318,93639781318000,T,PFE,100.0,32.71
2017-01-03 09:36:39.800283,93639800283000,T,PFE,100.0,32.71
2017-01-03 09:36:40.169578,93640169578000,T,PFE,100.0,32.71
2017-01-03 09:36:40.194621,93640194621000,T,PFE,100.0,32.71
2017-01-03 09:36:40.220904,93640220904000,T,PFE,100.0,32.71
2017-01-03 09:36:40.539859,93640539859000,T,PFE,100.0,32.71
2017-01-03 09:36:41.038054,93641038054000,T,PFE,100.0,32.71
2017-01-03 09:36:41.062673,93641062673000,T,PFE,100.0,32.72
2017-01-03 09:36:48.875918,93648875918000,T,PFE,200.0,32.71
2017-01-03 09:36:48.875943,93648875943000,T,PFE,100.0,32.71
2017-01-03 09:36:48.875964,93648875964000,T,PFE,200.0,32.71
2017-01-03 09:36:48.875987,93648875987000,T,PFE,200.0,32.71
2017-01-03 09:36:48.896514,93648896514000,T,PFE,100.0,32.71
2017-01-03 09:36:49.086334,93649086334000,T,PFE,100.0,32.71
2017-01-03 09:36:49.120498,93649120498000,T,PFE,100.0,32.71
2017-01-03 09:36:49.139827,93649139827000,T,PFE,54.0,32.71
2017-01-03 09:36:49.139850,93649139850000,T,PFE,46.0,32.71
2017-01-03 09:36:49.162312,93649162312000,T,PFE,100.0,32.71
2017-01-03 09:36:49.163484,93649163484000,T,PFE,54.0,32.71
2017-01-03 09:36:49.195215,93649195215000,T,PFE,100.0,32.72
2017-01-03 09:36:49.210171,93649210171000,T,PFE,100.0,32.72
2017-01-03 09:36:49.225801,93649225801000,T,PFE,100.0,32.72
2017-01-03 09:36:49.249914,93649249914000,T,PFE,100.0,32.72
2017-01-03 09:36:49.464426,93649464426000,T,PFE,100.0,32.72
2017-01-03 09:36:50.975731,93650975731000,T,PFE,100.0,32.72
2017-01-03 09:36:51.007865,93651007865000,T,PFE,100.0,32.72
2017-01-03 09:36:51.337603,93651337603000,T,PFE,100.0,32.72
2017-01-03 09:36:59.185988,93659185988000,T,PFE,100.0,32.72
2017-01-03 09:36:59.189012,93659189012000,T,PFE,100.0,32.72
2017-01-03 09:36:59.189099,93659189099000,T,PFE,23.0,32.72
2017-01-03 09:36:59.208136,93659208136000,T,PFE,100.0,32.72
2017-01-03 09:37:06.505459,93706505459000,T,PFE,100.0,32.71
2017-01-03 09:37:06.505480,93706505480000,T,PFE,200.0,32.71
2017-01-03 09:37:08.749625,93708749625000,T,PFE,100.0,32.71
2017-01-03 09:37:09.687406,93709687406000,T,PFE,100.0,32.72
2017-01-03 09:37:10.689947,93710689947000,T,PFE,100.0,32.72
2017-01-03 09:37:11.365499,93711365499000,T,PFE,100.0,32.72
2017-01-03 09:37:12.211719,93712211719000,T,PFE,100.0,32.73
2017-01-03 09:37:12.237514,93712237514000,T,PFE,100.0,32.73
2017-01-03 09:37:12.257234,93712257234000,T,PFE,100.0,32.73
2017-01-03 09:37:12.286213,93712286213000,T,PFE,100.0,32.73
2017-01-03 09:37:12.704834,93712704834000,T,PFE,100.0,32.73
2017-01-03 09:37:13.487776,93713487776000,T,PFE,100.0,32.72
2017-01-03 09:37:13.487803,93713487803000,T,PFE,200.0,32.72
2017-01-03 09:37:13.487826,93713487826000,T,PFE,600.0,32.72
2017-01-03 09:37:13.487851,93713487851000,T,PFE,200.0,32.72
2017-01-03 09:37:13.487872,93713487872000,T,PFE,200.0,32.72
2017-01-03 09:37:13.487917,93713487917000,T,PFE,100.0,32.72
2017-01-03 09:37:13.487942,93713487942000,T,PFE,100.0,32.72
2017-01-03 09:37:13.487991,93713487991000,T,PFE,10.0,32.72
2017-01-03 09:37:13.971284,93713971284000,T,PFE,190.0,32.72
2017-01-03 09:37:13.971306,93713971306000,T,PFE,100.0,32.72
2017-01-03 09:37:13.971325,93713971325000,T,PFE,200.0,32.72
2017-01-03 09:37:19.049210,93719049210000,T,PFE,200.0,32.72
2017-01-03 09:37:19.049238,93719049238000,T,PFE,200.0,32.72
2017-01-03 09:37:19.056708,93719056708000,T,PFE,200.0,32.72
2017-01-03 09:37:19.056731,93719056731000,T,PFE,100.0,32.72
2017-01-03 09:37:19.058972,93719058972000,T,PFE,100.0,32.72
2017-01-03 09:37:19.058993,93719058993000,T,PFE,254.0,32.72
2017-01-03 09:37:19.608524,93719608524000,T,PFE,100.0,32.73
2017-01-03 09:37:19.610354,93719610354000,T,PFE,100.0,32.73
2017-01-03 09:37:19.610391,93719610391000,T,PFE,100.0,32.73
2017-01-03 09:37:19.837367,93719837367000,T,PFE,200.0,32.74
2017-01-03 09:37:19.837390,93719837390000,T,PFE,195.0,32.74
2017-01-03 09:37:20.086057,93720086057000,T,PFE,100.0,32.745
2017-01-03 09:37:20.112100,93720112100000,T,PFE,100.0,32.75
2017-01-03 09:37:20.608685,93720608685000,T,PFE,100.0,32.75
2017-01-03 09:37:27.203222,93727203222000,T,PFE,100.0,32.75
2017-01-03 09:37:27.206341,93727206341000,T,PFE,100.0,32.75
2017-01-03 09:37:27.863240,93727863240000,T,PFE,200.0,32.74
2017-01-03 09:37:27.863262,93727863262000,T,PFE,100.0,32.74
2017-01-03 09:37:27.863287,93727863287000,T,PFE,200.0,32.74
2017-01-03 09:37:27.863312,93727863312000,T,PFE,100.0,32.74
2017-01-03 09:37:28.112675,93728112675000,T,PFE,100.0,32.74
2017-01-03 09:37:28.133028,93728133028000,T,PFE,100.0,32.74
2017-01-03 09:37:28.144750,93728144750000,T,PFE,100.0,32.74
2017-01-03 09:37:28.612205,93728612205000,T,PFE,54.0,32.74
2017-01-03 09:37:28.612235,93728612235000,T,PFE,100.0,32.74
2017-01-03 09:37:28.612260,93728612260000,T,PFE,200.0,32.74
2017-01-03 09:37:28.612286,93728612286000,T,PFE,46.0,32.74
2017-01-03 09:37:28.614121,93728614121000,T,PFE,200.0,32.74
2017-01-03 09:37:28.614140,93728614140000,T,PFE,47.0,32.74
2017-01-03 09:37:28.614475,93728614475000,T,PFE,100.0,32.74
2017-01-03 09:37:28.614953,93728614953000,T,PFE,40.0,32.74
2017-01-03 09:37:28.615219,93728615219000,T,PFE,60.0,32.74
2017-01-03 09:37:28.622716,93728622716000,T,PFE,100.0,32.74
2017-01-03 09:37:29.113287,93729113287000,T,PFE,200.0,32.74
2017-01-03 09:37:29.113310,93729113310000,T,PFE,100.0,32.74
2017-01-03 09:37:29.613289,93729613289000,T,PFE,200.0,32.74
2017-01-03 09:37:29.614198,93729614198000,T,PFE,100.0,32.74
2017-01-03 09:37:31.613987,93731613987000,T,PFE,17.0,32.74
2017-01-03 09:37:31.614009,93731614009000,T,PFE,183.0,32.74
2017-01-03 09:37:32.115365,93732115365000,T,PFE,17.0,32.74
2017-01-03 09:37:32.115391,93732115391000,T,PFE,83.0,32.74
2017-01-03 09:37:32.154077,93732154077000,T,PFE,100.0,32.74
2017-01-03 09:37:32.612861,93732612861000,T,PFE,17.0,32.74
2017-01-03 09:37:32.612883,93732612883000,T,PFE,83.0,32.74
2017-01-03 09:37:32.643396,93732643396000,T,PFE,71.0,32.74
2017-01-03 09:37:32.643420,93732643420000,T,PFE,29.0,32.74
2017-01-03 09:37:33.612908,93733612908000,T,PFE,71.0,32.74
2017-01-03 09:37:33.612933,93733612933000,T,PFE,29.0,32.74
2017-01-03 09:37:33.622982,93733622982000,T,PFE,100.0,32.74
2017-01-03 09:37:36.657376,93736657376000,T,PFE,71.0,32.74
2017-01-03 09:37:36.657395,93736657395000,T,PFE,29.0,32.75
2017-01-03 09:37:36.735357,93736735357000,T,PFE,900.0,32.74
2017-01-03 09:37:36.736156,93736736156000,T,PFE,200.0,32.74
2017-01-03 09:37:36.736176,93736736176000,T,PFE,200.0,32.74
2017-01-03 09:37:38.393678,93738393678000,T,PFE,136.0,32.74
2017-01-03 09:37:38.393706,93738393706000,T,PFE,153.0,32.74
2017-01-03 09:37:38.393725,93738393725000,T,PFE,200.0,32.74
2017-01-03 09:37:39.073720,93739073720000,T,PFE,21.0,32.74
2017-01-03 09:37:41.371474,93741371474000,T,PFE,179.0,32.74
2017-01-03 09:37:41.371500,93741371500000,T,PFE,100.0,32.74
2017-01-03 09:37:41.371523,93741371523000,T,PFE,100.0,32.74
2017-01-03 09:37:44.559346,93744559346000,T,PFE,200.0,32.73
2017-01-03 09:37:44.559387,93744559387000,T,PFE,200.0,32.73
2017-01-03 09:37:44.559407,93744559407000,T,PFE,200.0,32.73
2017-01-03 09:37:44.559433,93744559433000,T,PFE,100.0,32.73
2017-01-03 09:37:44.559482,93744559482000,T,PFE,100.0,32.73
2017-01-03 09:37:44.559508,93744559508000,T,PFE,100.0,32.73
2017-01-03 09:37:49.229015,93749229015000,T,PFE,100.0,32.72
2017-01-03 09:38:03.585880,93803585880000,T,PFE,100.0,32.71
2017-01-03 09:38:03.585907,93803585907000,T,PFE,100.0,32.71
2017-01-03 09:38:03.585931,93803585931000,T,PFE,100.0,32.71
2017-01-03 09:38:03.585955,93803585955000,T,PFE,100.0,32.71
2017-01-03 09:38:04.394922,93804394922000,T,PFE,200.0,32.71
2017-01-03 09:38:04.394946,93804394946000,T,PFE,100.0,32.71
2017-01-03 09:38:04.394967,93804394967000,T,PFE,153.0,32.71
2017-01-03 09:38:04.394993,93804394993000,T,PFE,153.0,32.71
2017-01-03 09:38:04.395017,93804395017000,T,PFE,23.0,32.71
2017-01-03 09:38:09.946877,93809946877000,T,PFE,77.0,32.71
2017-01-03 09:38:09.946900,93809946900000,T,PFE,300.0,32.71
2017-01-03 09:38:09.946924,93809946924000,T,PFE,100.0,32.71
2017-01-03 09:38:09.946943,93809946943000,T,PFE,200.0,32.71
2017-01-03 09:38:09.946968,93809946968000,T,PFE,153.0,32.71
2017-01-03 09:38:15.607749,93815607749000,T,PFE,100.0,32.71
2017-01-03 09:38:15.607813,93815607813000,T,PFE,100.0,32.71
2017-01-03 09:38:15.607892,93815607892000,T,PFE,100.0,32.71
2017-01-03 09:38:15.607912,93815607912000,T,PFE,100.0,32.71
2017-01-03 09:38:20.550811,93820550811000,T,PFE,100.0,32.7
2017-01-03 09:38:34.492893,93834492893000,T,PFE,200.0,32.69
2017-01-03 09:38:34.492914,93834492914000,T,PFE,100.0,32.69
2017-01-03 09:38:35.553288,93835553288000,T,PFE,100.0,32.68
2017-01-03 09:38:35.553381,93835553381000,T,PFE,100.0,32.68
2017-01-03 09:38:38.443194,93838443194000,T,PFE,200.0,32.69
2017-01-03 09:38:38.443243,93838443243000,T,PFE,100.0,32.69
2017-01-03 09:38:38.443319,93838443319000,T,PFE,200.0,32.69
2017-01-03 09:38:38.929103,93838929103000,T,PFE,100.0,32.7
2017-01-03 09:38:38.929129,93838929129000,T,PFE,100.0,32.7
2017-01-03 09:38:38.929153,93838929153000,T,PFE,100.0,32.7
2017-01-03 09:38:40.112182,93840112182000,T,PFE,100.0,32.71
2017-01-03 09:38:40.112227,93840112227000,T,PFE,200.0,32.71
2017-01-03 09:38:40.112252,93840112252000,T,PFE,79.0,32.71
2017-01-03 09:38:40.112284,93840112284000,T,PFE,100.0,32.71
2017-01-03 09:38:40.112313,93840112313000,T,PFE,21.0,32.71
2017-01-03 09:38:40.112363,93840112363000,T,PFE,100.0,32.71
2017-01-03 09:38:41.592761,93841592761000,T,PFE,200.0,32.71
2017-01-03 09:38:41.592792,93841592792000,T,PFE,23.0,32.71
2017-01-03 09:38:41.592814,93841592814000,T,PFE,77.0,32.71
2017-01-03 09:38:41.592838,93841592838000,T,PFE,400.0,32.71
2017-01-03 09:38:42.226841,93842226841000,T,PFE,200.0,32.7
2017-01-03 09:38:42.226881,93842226881000,T,PFE,300.0,32.7
2017-01-03 09:38:42.226906,93842226906000,T,PFE,23.0,32.7
2017-01-03 09:38:42.226931,93842226931000,T,PFE,377.0,32.7
2017-01-03 09:38:42.226956,93842226956000,T,PFE,95.0,32.7
2017-01-03 09:38:42.226981,93842226981000,T,PFE,5.0,32.7
2017-01-03 09:38:42.906865,93842906865000,T,PFE,200.0,32.69
2017-01-03 09:38:42.906889,93842906889000,T,PFE,200.0,32.69
2017-01-03 09:38:42.906914,93842906914000,T,PFE,300.0,32.69
2017-01-03 09:38:42.906938,93842906938000,T,PFE,200.0,32.69
2017-01-03 09:38:44.017163,93844017163000,T,PFE,200.0,32.68
2017-01-03 09:38:44.017182,93844017182000,T,PFE,200.0,32.68
2017-01-03 09:38:44.017207,93844017207000,T,PFE,100.0,32.68
2017-01-03 09:38:49.162232,93849162232000,T,PFE,200.0,32.68
2017-01-03 09:38:49.162255,93849162255000,T,PFE,100.0,32.68
2017-01-03 09:38:49.176537,93849176537000,T,PFE,600.0,32.68
2017-01-03 09:38:49.176586,93849176586000,T,PFE,100.0,32.68
2017-01-03 09:38:49.176611,93849176611000,T,PFE,200.0,32.68
2017-01-03 09:38:49.176635,93849176635000,T,PFE,200.0,32.68
2017-01-03 09:38:49.176660,93849176660000,T,PFE,100.0,32.68
2017-01-03 09:38:49.176684,93849176684000,T,PFE,150.0,32.68
2017-01-03 09:38:49.567997,93849567997000,T,PFE,200.0,32.69
2017-01-03 09:38:49.568019,93849568019000,T,PFE,300.0,32.69
2017-01-03 09:38:49.568314,93849568314000,T,PFE,100.0,32.69
2017-01-03 09:38:49.568343,93849568343000,T,PFE,100.0,32.69
2017-01-03 09:38:49.568371,93849568371000,T,PFE,700.0,32.69
2017-01-03 09:38:52.729881,93852729881000,T,PFE,200.0,32.7
2017-01-03 09:38:52.729901,93852729901000,T,PFE,200.0,32.7
2017-01-03 09:38:53.155560,93853155560000,T,PFE,200.0,32.7
2017-01-03 09:38:53.155580,93853155580000,T,PFE,100.0,32.7
2017-01-03 09:39:02.662388,93902662388000,T,PFE,100.0,32.69
2017-01-03 09:39:10.389416,93910389416000,T,PFE,200.0,32.68
2017-01-03 09:39:10.389444,93910389444000,T,PFE,146.0,32.68
2017-01-03 09:39:10.389463,93910389463000,T,PFE,100.0,32.68
2017-01-03 09:39:12.668119,93912668119000,T,PFE,100.0,32.67
2017-01-03 09:39:14.675843,93914675843000,T,PFE,100.0,32.67
2017-01-03 09:39:14.857242,93914857242000,T,PFE,200.0,32.67
2017-01-03 09:39:14.857266,93914857266000,T,PFE,200.0,32.67
2017-01-03 09:39:14.857290,93914857290000,T,PFE,100.0,32.67
2017-01-03 09:39:17.253448,93917253448000,T,PFE,78.0,32.68
2017-01-03 09:39:17.253472,93917253472000,T,PFE,122.0,32.68
2017-01-03 09:39:17.253497,93917253497000,T,PFE,196.0,32.68
2017-01-03 09:39:17.253565,93917253565000,T,PFE,4.0,32.68
2017-01-03 09:39:17.253590,93917253590000,T,PFE,100.0,32.68
2017-01-03 09:39:17.253612,93917253612000,T,PFE,100.0,32.68
2017-01-03 09:39:18.932483,93918932483000,T,PFE,200.0,32.69
2017-01-03 09:39:28.946053,93928946053000,T,PFE,100.0,32.67
2017-01-03 09:39:28.946361,93928946361000,T,PFE,100.0,32.67
2017-01-03 09:39:35.048095,93935048095000,T,PFE,200.0,32.67
2017-01-03 09:39:35.048118,93935048118000,T,PFE,100.0,32.67
2017-01-03 09:39:35.065755,93935065755000,T,PFE,200.0,32.68
2017-01-03 09:39:35.065774,93935065774000,T,PFE,100.0,32.68
2017-01-03 09:39:35.065799,93935065799000,T,PFE,100.0,32.68
2017-01-03 09:39:35.262189,93935262189000,T,PFE,100.0,32.69
2017-01-03 09:39:35.262290,93935262290000,T,PFE,200.0,32.69
2017-01-03 09:39:35.262419,93935262419000,T,PFE,100.0,32.69
2017-01-03 09:39:35.262468,93935262468000,T,PFE,59.0,32.69
2017-01-03 09:39:35.262667,93935262667000,T,PFE,141.0,32.69
2017-01-03 09:39:38.888367,93938888367000,T,PFE,200.0,32.69
2017-01-03 09:39:41.681082,93941681082000,T,PFE,200.0,32.68
2017-01-03 09:39:47.959868,93947959868000,T,PFE,100.0,32.68
2017-01-03 09:39:47.959887,93947959887000,T,PFE,41.0,32.68
2017-01-03 09:39:49.843284,93949843284000,T,PFE,100.0,32.69
2017-01-03 09:39:54.039818,93954039818000,T,PFE,100.0,32.69
2017-01-03 09:39:54.039867,93954039867000,T,PFE,100.0,32.69
2017-01-03 09:39:55.841439,93955841439000,T,PFE,200.0,32.68
2017-01-03 09:39:55.841459,93955841459000,T,PFE,100.0,32.68
2017-01-03 09:39:56.133121,93956133121000,T,PFE,200.0,32.68
2017-01-03 09:39:56.133167,93956133167000,T,PFE,200.0,32.68
2017-01-03 09:39:56.133190,93956133190000,T,PFE,100.0,32.68
2017-01-03 09:39:56.133214,93956133214000,T,PFE,155.0,32.68
2017-01-03 09:39:56.133237,93956133237000,T,PFE,155.0,32.68
2017-01-03 09:40:03.470153,94003470153000,T,PFE,200.0,32.69
2017-01-03 09:40:03.470175,94003470175000,T,PFE,100.0,32.69
2017-01-03 09:40:03.470204,94003470204000,T,PFE,155.0,32.69
2017-01-03 09:40:03.470229,94003470229000,T,PFE,45.0,32.69
2017-01-03 09:40:03.470250,94003470250000,T,PFE,55.0,32.69
2017-01-03 09:40:13.165310,94013165310000,T,PFE,248.0,32.69
2017-01-03 09:40:13.165329,94013165329000,T,PFE,100.0,32.69
2017-01-03 09:40:13.166004,94013166004000,T,PFE,191.0,32.69
2017-01-03 09:40:18.031169,94018031169000,T,PFE,100.0,32.67
2017-01-03 09:40:18.031195,94018031195000,T,PFE,100.0,32.67
2017-01-03 09:40:23.755068,94023755068000,T,PFE,132.0,32.67
2017-01-03 09:40:23.755206,94023755206000,T,PFE,68.0,32.67
2017-01-03 09:40:23.755227,94023755227000,T,PFE,100.0,32.67
2017-01-03 09:40:27.045579,94027045579000,T,PFE,100.0,32.68
2017-01-03 09:40:27.045755,94027045755000,T,PFE,300.0,32.68
2017-01-03 09:40:27.045810,94027045810000,T,PFE,100.0,32.68
2017-01-03 09:40:27.045858,94027045858000,T,PFE,93.0,32.68
2017-01-03 09:40:27.045883,94027045883000,T,PFE,7.0,32.68
2017-01-03 09:40:36.187428,94036187428000,T,PFE,100.0,32.68
2017-01-03 09:40:39.150875,94039150875000,T,PFE,200.0,32.68
2017-01-03 09:40:39.150898,94039150898000,T,PFE,100.0,32.68
2017-01-03 09:40:39.150923,94039150923000,T,PFE,100.0,32.68
2017-01-03 09:40:41.585842,94041585842000,T,PFE,300.0,32.69
2017-01-03 09:40:41.585890,94041585890000,T,PFE,200.0,32.69
2017-01-03 09:40:41.585920,94041585920000,T,PFE,200.0,32.69
2017-01-03 09:40:41.585944,94041585944000,T,PFE,200.0,32.69
2017-01-03 09:40:41.585969,94041585969000,T,PFE,745.0,32.69
2017-01-03 09:40:41.585994,94041585994000,T,PFE,38.0,32.69
2017-01-03 09:40:41.586024,94041586024000,T,PFE,17.0,32.69
2017-01-03 09:40:41.586044,94041586044000,T,PFE,100.0,32.69
2017-01-03 09:40:41.586069,94041586069000,T,PFE,100.0,32.69
2017-01-03 09:40:42.324869,94042324869000,T,PFE,100.0,32.69
2017-01-03 09:40:42.326379,94042326379000,T,PFE,100.0,32.69
2017-01-03 09:40:42.326399,94042326399000,T,PFE,200.0,32.69
2017-01-03 09:40:43.425382,94043425382000,T,PFE,100.0,32.69
2017-01-03 09:40:52.790279,94052790279000,T,PFE,200.0,32.69
2017-01-03 09:40:52.790302,94052790302000,T,PFE,100.0,32.69
2017-01-03 09:40:52.790323,94052790323000,T,PFE,200.0,32.69
2017-01-03 09:40:52.790346,94052790346000,T,PFE,100.0,32.69
2017-01-03 09:40:52.790371,94052790371000,T,PFE,200.0,32.69
2017-01-03 09:40:52.790395,94052790395000,T,PFE,600.0,32.69
2017-01-03 09:40:54.178640,94054178640000,T,PFE,100.0,32.69
2017-01-03 09:40:54.178666,94054178666000,T,PFE,300.0,32.69
2017-01-03 09:40:54.178690,94054178690000,T,PFE,200.0,32.69
2017-01-03 09:40:55.449690,94055449690000,T,PFE,200.0,32.69
2017-01-03 09:40:55.449710,94055449710000,T,PFE,100.0,32.69
2017-01-03 09:40:56.661154,94056661154000,T,PFE,100.0,32.68
2017-01-03 09:40:58.143327,94058143327000,T,PFE,100.0,32.67
2017-01-03 09:40:58.173474,94058173474000,T,PFE,200.0,32.67
2017-01-03 09:40:58.173499,94058173499000,T,PFE,200.0,32.67
2017-01-03 09:40:58.173522,94058173522000,T,PFE,300.0,32.67
2017-01-03 09:40:58.173564,94058173564000,T,PFE,100.0,32.67
2017-01-03 09:40:58.173589,94058173589000,T,PFE,400.0,32.67
2017-01-03 09:41:00.792585,94100792585000,T,PFE,80.0,32.68
2017-01-03 09:41:01.412354,94101412354000,T,PFE,120.0,32.68
2017-01-03 09:41:01.412383,94101412383000,T,PFE,100.0,32.68
2017-01-03 09:41:05.965991,94105965991000,T,PFE,100.0,32.69
2017-01-03 09:41:05.966013,94105966013000,T,PFE,200.0,32.69
2017-01-03 09:41:06.162223,94106162223000,T,PFE,100.0,32.69
2017-01-03 09:41:06.162249,94106162249000,T,PFE,100.0,32.69
2017-01-03 09:41:06.739686,94106739686000,T,PFE,141.0,32.69
2017-01-03 09:41:06.739801,94106739801000,T,PFE,59.0,32.69
2017-01-03 09:41:06.739825,94106739825000,T,PFE,41.0,32.69
2017-01-03 09:41:08.954244,94108954244000,T,PFE,200.0,32.68
2017-01-03 09:41:08.954268,94108954268000,T,PFE,100.0,32.68
2017-01-03 09:41:09.586525,94109586525000,T,PFE,200.0,32.68
2017-01-03 09:41:09.586550,94109586550000,T,PFE,200.0,32.68
2017-01-03 09:41:11.965437,94111965437000,T,PFE,19.0,32.69
2017-01-03 09:41:11.965875,94111965875000,T,PFE,181.0,32.69
2017-01-03 09:41:11.965900,94111965900000,T,PFE,400.0,32.69
2017-01-03 09:41:11.965950,94111965950000,T,PFE,100.0,32.69
2017-01-03 09:41:36.896795,94136896795000,T,PFE,200.0,32.7
2017-01-03 09:41:36.896822,94136896822000,T,PFE,200.0,32.7
2017-01-03 09:41:36.896847,94136896847000,T,PFE,100.0,32.7
2017-01-03 09:41:36.897510,94136897510000,T,PFE,100.0,32.7
2017-01-03 09:41:44.423897,94144423897000,T,PFE,200.0,32.7
2017-01-03 09:41:44.423917,94144423917000,T,PFE,200.0,32.7
2017-01-03 09:41:44.423936,94144423936000,T,PFE,100.0,32.7
2017-01-03 09:41:55.454871,94155454871000,T,PFE,200.0,32.7
2017-01-03 09:41:55.454896,94155454896000,T,PFE,100.0,32.7
2017-01-03 09:41:55.454921,94155454921000,T,PFE,100.0,32.7
2017-01-03 09:41:55.454946,94155454946000,T,PFE,300.0,32.7
2017-01-03 09:41:55.454971,94155454971000,T,PFE,100.0,32.7
2017-01-03 09:42:00.109923,94200109923000,T,PFE,100.0,32.7
2017-01-03 09:42:00.119216,94200119216000,T,PFE,200.0,32.7
2017-01-03 09:42:00.119266,94200119266000,T,PFE,200.0,32.7
2017-01-03 09:42:00.119289,94200119289000,T,PFE,87.0,32.7
2017-01-03 09:42:00.119313,94200119313000,T,PFE,63.0,32.7
2017-01-03 09:42:00.119337,94200119337000,T,PFE,37.0,32.7
2017-01-03 09:42:00.120818,94200120818000,T,PFE,63.0,32.7
2017-01-03 09:42:00.737356,94200737356000,T,PFE,63.0,32.7
2017-01-03 09:42:00.737380,94200737380000,T,PFE,87.0,32.7
2017-01-03 09:42:04.066930,94204066930000,T,PFE,200.0,32.7
2017-01-03 09:42:18.983925,94218983925000,T,PFE,200.0,32.71
2017-01-03 09:42:18.983974,94218983974000,T,PFE,100.0,32.71
2017-01-03 09:42:18.983999,94218983999000,T,PFE,100.0,32.71
2017-01-03 09:42:18.984022,94218984022000,T,PFE,400.0,32.71
2017-01-03 09:42:18.984043,94218984043000,T,PFE,100.0,32.71
2017-01-03 09:42:18.984067,94218984067000,T,PFE,100.0,32.71
2017-01-03 09:42:18.984118,94218984118000,T,PFE,100.0,32.71
2017-01-03 09:42:18.984143,94218984143000,T,PFE,100.0,32.71
2017-01-03 09:42:19.628341,94219628341000,T,PFE,200.0,32.72
2017-01-03 09:42:19.628568,94219628568000,T,PFE,100.0,32.72
2017-01-03 09:42:19.628641,94219628641000,T,PFE,100.0,32.72
2017-01-03 09:42:29.977013,94229977013000,T,PFE,200.0,32.72
2017-01-03 09:42:29.977039,94229977039000,T,PFE,100.0,32.72
2017-01-03 09:42:29.977060,94229977060000,T,PFE,100.0,32.72
2017-01-03 09:42:29.977083,94229977083000,T,PFE,100.0,32.72
2017-01-03 09:42:43.098173,94243098173000,T,PFE,100.0,32.72
2017-01-03 09:42:43.098193,94243098193000,T,PFE,100.0,32.72
2017-01-03 09:42:52.609373,94252609373000,T,PFE,200.0,32.73
2017-01-03 09:42:52.609399,94252609399000,T,PFE,100.0,32.73
2017-01-03 09:42:52.609423,94252609423000,T,PFE,100.0,32.73
2017-01-03 09:42:52.609444,94252609444000,T,PFE,100.0,32.73
2017-01-03 09:42:52.609468,94252609468000,T,PFE,100.0,32.73
2017-01-03 09:42:53.214669,94253214669000,T,PFE,200.0,32.73
2017-01-03 09:42:53.214695,94253214695000,T,PFE,300.0,32.73
2017-01-03 09:42:53.214718,94253214718000,T,PFE,200.0,32.73
2017-01-03 09:42:53.214745,94253214745000,T,PFE,100.0,32.73
2017-01-03 09:43:07.634264,94307634264000,T,PFE,100.0,32.73
2017-01-03 09:43:07.634289,94307634289000,T,PFE,100.0,32.73
2017-01-03 09:43:07.634314,94307634314000,T,PFE,2.0,32.73
2017-01-03 09:43:07.635278,94307635278000,T,PFE,198.0,32.73
2017-01-03 09:43:08.089729,94308089729000,T,PFE,100.0,32.735
2017-01-03 09:43:08.709325,94308709325000,T,PFE,500.0,32.73
2017-01-03 09:43:08.709352,94308709352000,T,PFE,200.0,32.73
2017-01-03 09:43:08.709376,94308709376000,T,PFE,500.0,32.73
2017-01-03 09:43:10.408184,94310408184000,T,PFE,400.0,32.72
2017-01-03 09:43:10.408208,94310408208000,T,PFE,585.0,32.72
2017-01-03 09:43:10.408235,94310408235000,T,PFE,200.0,32.72
2017-01-03 09:43:10.408259,94310408259000,T,PFE,44.0,32.72
2017-01-03 09:43:10.408284,94310408284000,T,PFE,56.0,32.72
2017-01-03 09:43:10.408308,94310408308000,T,PFE,100.0,32.72
2017-01-03 09:43:11.778207,94311778207000,T,PFE,100.0,32.72
2017-01-03 09:43:11.819825,94311819825000,T,PFE,100.0,32.72
2017-01-03 09:43:11.819852,94311819852000,T,PFE,100.0,32.72
2017-01-03 09:43:21.131117,94321131117000,T,PFE,100.0,32.72
2017-01-03 09:43:21.131162,94321131162000,T,PFE,200.0,32.72
2017-01-03 09:43:21.131187,94321131187000,T,PFE,100.0,32.72
2017-01-03 09:43:21.131211,94321131211000,T,PFE,200.0,32.72
2017-01-03 09:43:21.131236,94321131236000,T,PFE,700.0,32.72
2017-01-03 09:43:21.131259,94321131259000,T,PFE,100.0,32.72
2017-01-03 09:43:21.131283,94321131283000,T,PFE,85.0,32.72
2017-01-03 09:43:21.131332,94321131332000,T,PFE,15.0,32.72
2017-01-03 09:43:21.137366,94321137366000,T,PFE,200.0,32.71
2017-01-03 09:43:21.137390,94321137390000,T,PFE,200.0,32.71
2017-01-03 09:43:21.371725,94321371725000,T,PFE,200.0,32.71
2017-01-03 09:43:21.371749,94321371749000,T,PFE,135.0,32.71
2017-01-03 09:43:21.371773,94321371773000,T,PFE,100.0,32.71
2017-01-03 09:43:21.371799,94321371799000,T,PFE,100.0,32.71
2017-01-03 09:43:21.371823,94321371823000,T,PFE,100.0,32.71
2017-01-03 09:43:21.371848,94321371848000,T,PFE,200.0,32.71
2017-01-03 09:43:21.372244,94321372244000,T,PFE,100.0,32.71
2017-01-03 09:43:21.372272,94321372272000,T,PFE,100.0,32.71
2017-01-03 09:43:27.803433,94327803433000,T,PFE,200.0,32.72
2017-01-03 09:43:27.828300,94327828300000,T,PFE,100.0,32.72
2017-01-03 09:43:27.828324,94327828324000,T,PFE,100.0,32.72
2017-01-03 09:43:33.067940,94333067940000,T,PFE,200.0,32.73
2017-01-03 09:43:33.067958,94333067958000,T,PFE,200.0,32.73
2017-01-03 09:43:53.157029,94353157029000,T,PFE,100.0,32.73
2017-01-03 09:43:53.157128,94353157128000,T,PFE,100.0,32.73
2017-01-03 09:43:57.991474,94357991474000,T,PFE,100.0,32.72
2017-01-03 09:43:57.991495,94357991495000,T,PFE,100.0,32.72
2017-01-03 09:44:07.261334,94407261334000,T,PFE,100.0,32.7
2017-01-03 09:44:07.261359,94407261359000,T,PFE,100.0,32.7
2017-01-03 09:44:07.261382,94407261382000,T,PFE,100.0,32.7
2017-01-03 09:44:08.565333,94408565333000,T,PFE,200.0,32.7
2017-01-03 09:44:08.565373,94408565373000,T,PFE,100.0,32.7
2017-01-03 09:44:08.565392,94408565392000,T,PFE,100.0,32.7
2017-01-03 09:44:08.565440,94408565440000,T,PFE,200.0,32.7
2017-01-03 09:44:08.565463,94408565463000,T,PFE,100.0,32.7
2017-01-03 09:44:08.565487,94408565487000,T,PFE,100.0,32.7
2017-01-03 09:44:40.188635,94440188635000,T,PFE,100.0,32.7
2017-01-03 09:44:43.597588,94443597588000,T,PFE,100.0,32.695
2017-01-03 09:44:48.265226,94448265226000,T,PFE,200.0,32.69
2017-01-03 09:44:48.265253,94448265253000,T,PFE,100.0,32.69
2017-01-03 09:44:48.265277,94448265277000,T,PFE,100.0,32.69
2017-01-03 09:44:52.050366,94452050366000,T,PFE,100.0,32.69
2017-01-03 09:44:52.050414,94452050414000,T,PFE,100.0,32.69
2017-01-03 09:44:52.050459,94452050459000,T,PFE,100.0,32.69
2017-01-03 09:45:06.797137,94506797137000,T,PFE,2.0,32.69
2017-01-03 09:45:06.797157,94506797157000,T,PFE,98.0,32.69
2017-01-03 09:45:07.521757,94507521757000,T,PFE,100.0,32.69
2017-01-03 09:45:07.783915,94507783915000,T,PFE,100.0,32.69
2017-01-03 09:45:11.683629,94511683629000,T,PFE,200.0,32.7
2017-01-03 09:45:11.683650,94511683650000,T,PFE,200.0,32.7
2017-01-03 09:45:11.683678,94511683678000,T,PFE,100.0,32.7
2017-01-03 09:45:11.683702,94511683702000,T,PFE,100.0,32.7
2017-01-03 09:45:12.177902,94512177902000,T,PFE,200.0,32.71
2017-01-03 09:45:12.177951,94512177951000,T,PFE,400.0,32.71
2017-01-03 09:45:12.177975,94512177975000,T,PFE,100.0,32.71
2017-01-03 09:45:15.158686,94515158686000,T,PFE,300.0,32.71
2017-01-03 09:45:15.484854,94515484854000,T,PFE,100.0,32.705
2017-01-03 09:45:15.484905,94515484905000,T,PFE,100.0,32.7
2017-01-03 09:45:15.484958,94515484958000,T,PFE,200.0,32.7
2017-01-03 09:45:15.484982,94515484982000,T,PFE,200.0,32.7
2017-01-03 09:45:15.485007,94515485007000,T,PFE,200.0,32.7
2017-01-03 09:45:15.485029,94515485029000,T,PFE,200.0,32.7
2017-01-03 09:45:15.485054,94515485054000,T,PFE,200.0,32.7
2017-01-03 09:45:15.485079,94515485079000,T,PFE,200.0,32.7
2017-01-03 09:45:15.485104,94515485104000,T,PFE,100.0,32.7
2017-01-03 09:45:25.216188,94525216188000,T,PFE,200.0,32.7
2017-01-03 09:45:25.216238,94525216238000,T,PFE,100.0,32.7
2017-01-03 09:45:25.216259,94525216259000,T,PFE,100.0,32.7
2017-01-03 09:45:25.216283,94525216283000,T,PFE,200.0,32.7
2017-01-03 09:45:25.216308,94525216308000,T,PFE,100.0,32.7
2017-01-03 09:45:25.479202,94525479202000,T,PFE,100.0,32.695
2017-01-03 09:45:27.964039,94527964039000,T,PFE,200.0,32.7
2017-01-03 09:45:27.964061,94527964061000,T,PFE,200.0,32.7
2017-01-03 09:45:27.964094,94527964094000,T,PFE,206.0,32.7
2017-01-03 09:45:28.526773,94528526773000,T,PFE,100.0,32.695
2017-01-03 09:45:28.701092,94528701092000,T,PFE,394.0,32.7
2017-01-03 09:45:28.701117,94528701117000,T,PFE,100.0,32.7
2017-01-03 09:45:28.701141,94528701141000,T,PFE,200.0,32.7
2017-01-03 09:45:28.701165,94528701165000,T,PFE,200.0,32.7
2017-01-03 09:45:35.918713,94535918713000,T,PFE,200.0,32.7
2017-01-03 09:45:35.918744,94535918744000,T,PFE,200.0,32.7
2017-01-03 09:45:35.918768,94535918768000,T,PFE,200.0,32.7
2017-01-03 09:45:35.918793,94535918793000,T,PFE,100.0,32.7
2017-01-03 09:45:35.918813,94535918813000,T,PFE,200.0,32.7
2017-01-03 09:45:35.918838,94535918838000,T,PFE,1.0,32.7
2017-01-03 09:45:35.918862,94535918862000,T,PFE,100.0,32.7
2017-01-03 09:45:35.918887,94535918887000,T,PFE,500.0,32.7
2017-01-03 09:45:39.247028,94539247028000,T,PFE,200.0,32.7
2017-01-03 09:45:39.247051,94539247051000,T,PFE,200.0,32.7
2017-01-03 09:45:42.169897,94542169897000,T,PFE,100.0,32.71
2017-01-03 09:45:42.169922,94542169922000,T,PFE,100.0,32.71
2017-01-03 09:45:42.169942,94542169942000,T,PFE,100.0,32.71
2017-01-03 09:45:50.022010,94550022010000,T,PFE,200.0,32.72
2017-01-03 09:45:50.022034,94550022034000,T,PFE,100.0,32.72
2017-01-03 09:45:50.022055,94550022055000,T,PFE,100.0,32.72
2017-01-03 09:45:52.827632,94552827632000,T,PFE,100.0,32.72
2017-01-03 09:45:52.833274,94552833274000,T,PFE,100.0,32.715
2017-01-03 09:45:57.284803,94557284803000,T,PFE,70.0,32.72
2017-01-03 09:45:59.928942,94559928942000,T,PFE,100.0,32.73
2017-01-03 09:45:59.928968,94559928968000,T,PFE,100.0,32.73
2017-01-03 09:46:07.809813,94607809813000,T,PFE,200.0,32.74
2017-01-03 09:46:07.809833,94607809833000,T,PFE,200.0,32.74
2017-01-03 09:46:07.809858,94607809858000,T,PFE,100.0,32.74
2017-01-03 09:46:10.747120,94610747120000,T,PFE,10.0,32.75
2017-01-03 09:46:11.477406,94611477406000,T,PFE,160.0,32.75
2017-01-03 09:46:32.483932,94632483932000,T,PFE,200.0,32.74
2017-01-03 09:46:32.483956,94632483956000,T,PFE,100.0,32.74
2017-01-03 09:46:32.483981,94632483981000,T,PFE,100.0,32.74
2017-01-03 09:46:35.917134,94635917134000,T,PFE,100.0,32.74
2017-01-03 09:46:35.918103,94635918103000,T,PFE,500.0,32.74
2017-01-03 09:46:35.918127,94635918127000,T,PFE,100.0,32.74
2017-01-03 09:46:47.448721,94647448721000,T,PFE,100.0,32.745
2017-01-03 09:46:48.794371,94648794371000,T,PFE,100.0,32.75
2017-01-03 09:46:48.794420,94648794420000,T,PFE,200.0,32.75
2017-01-03 09:46:48.794444,94648794444000,T,PFE,100.0,32.75
2017-01-03 09:46:48.794469,94648794469000,T,PFE,300.0,32.75
2017-01-03 09:46:48.794494,94648794494000,T,PFE,100.0,32.75
2017-01-03 09:46:48.796034,94648796034000,T,PFE,300.0,32.76
2017-01-03 09:46:48.796103,94648796103000,T,PFE,100.0,32.76
2017-01-03 09:46:48.796122,94648796122000,T,PFE,100.0,32.76
2017-01-03 09:46:48.796339,94648796339000,T,PFE,200.0,32.76
2017-01-03 09:46:48.796367,94648796367000,T,PFE,100.0,32.76
2017-01-03 09:46:49.318217,94649318217000,T,PFE,200.0,32.77
2017-01-03 09:46:49.318237,94649318237000,T,PFE,200.0,32.77
2017-01-03 09:46:50.012880,94650012880000,T,PFE,200.0,32.78
2017-01-03 09:46:50.012927,94650012927000,T,PFE,100.0,32.78
2017-01-03 09:46:50.013018,94650013018000,T,PFE,200.0,32.78
2017-01-03 09:46:50.013059,94650013059000,T,PFE,200.0,32.78
2017-01-03 09:46:50.013114,94650013114000,T,PFE,100.0,32.78
2017-01-03 09:46:50.013136,94650013136000,T,PFE,500.0,32.78
2017-01-03 09:46:50.013159,94650013159000,T,PFE,400.0,32.78
2017-01-03 09:46:50.013183,94650013183000,T,PFE,200.0,32.78
2017-01-03 09:46:50.013208,94650013208000,T,PFE,200.0,32.78
2017-01-03 09:46:50.013233,94650013233000,T,PFE,200.0,32.78
2017-01-03 09:46:50.013257,94650013257000,T,PFE,200.0,32.78
2017-01-03 09:46:50.013282,94650013282000,T,PFE,200.0,32.78
2017-01-03 09:46:50.013302,94650013302000,T,PFE,200.0,32.78
2017-01-03 09:46:50.013327,94650013327000,T,PFE,100.0,32.78
2017-01-03 09:46:50.013351,94650013351000,T,PFE,200.0,32.78
2017-01-03 09:46:50.013376,94650013376000,T,PFE,200.0,32.78
2017-01-03 09:46:50.014790,94650014790000,T,PFE,200.0,32.78
2017-01-03 09:46:50.449109,94650449109000,T,PFE,100.0,32.775
2017-01-03 09:46:50.449128,94650449128000,T,PFE,100.0,32.775
2017-01-03 09:46:54.843098,94654843098000,T,PFE,65.0,32.775
2017-01-03 09:47:08.721508,94708721508000,T,PFE,200.0,32.78
2017-01-03 09:47:08.721542,94708721542000,T,PFE,100.0,32.78
2017-01-03 09:47:08.721583,94708721583000,T,PFE,100.0,32.78
2017-01-03 09:47:08.721608,94708721608000,T,PFE,100.0,32.78
2017-01-03 09:47:08.721659,94708721659000,T,PFE,100.0,32.78
2017-01-03 09:47:11.847858,94711847858000,T,PFE,100.0,32.79
2017-01-03 09:47:11.847916,94711847916000,T,PFE,100.0,32.79
2017-01-03 09:47:11.847940,94711847940000,T,PFE,400.0,32.79
2017-01-03 09:47:11.847965,94711847965000,T,PFE,200.0,32.79
2017-01-03 09:47:11.848836,94711848836000,T,PFE,200.0,32.79
2017-01-03 09:47:11.848911,94711848911000,T,PFE,100.0,32.79
2017-01-03 09:47:11.848934,94711848934000,T,PFE,100.0,32.79
2017-01-03 09:47:11.848956,94711848956000,T,PFE,100.0,32.79
2017-01-03 09:47:11.848981,94711848981000,T,PFE,200.0,32.79
2017-01-03 09:47:11.849006,94711849006000,T,PFE,18.0,32.79
2017-01-03 09:47:13.173889,94713173889000,T,PFE,200.0,32.78
2017-01-03 09:47:13.173938,94713173938000,T,PFE,200.0,32.78
2017-01-03 09:47:13.173962,94713173962000,T,PFE,100.0,32.78
2017-01-03 09:47:13.173990,94713173990000,T,PFE,100.0,32.78
2017-01-03 09:47:31.313000,94731313000000,T,PFE,148.0,32.78
2017-01-03 09:47:31.313045,94731313045000,T,PFE,52.0,32.78
2017-01-03 09:47:31.313100,94731313100000,T,PFE,200.0,32.78
2017-01-03 09:47:31.313134,94731313134000,T,PFE,200.0,32.78
2017-01-03 09:47:31.313504,94731313504000,T,PFE,200.0,32.78
2017-01-03 09:47:35.846092,94735846092000,T,PFE,200.0,32.78
2017-01-03 09:47:35.847338,94735847338000,T,PFE,100.0,32.78
2017-01-03 09:47:35.847360,94735847360000,T,PFE,200.0,32.78
2017-01-03 09:47:35.847382,94735847382000,T,PFE,200.0,32.78
2017-01-03 09:47:35.847407,94735847407000,T,PFE,200.0,32.78
2017-01-03 09:47:46.123116,94746123116000,T,PFE,100.0,32.79
2017-01-03 09:47:46.123147,94746123147000,T,PFE,100.0,32.79
2017-01-03 09:47:46.123170,94746123170000,T,PFE,160.0,32.79
2017-01-03 09:47:46.123220,94746123220000,T,PFE,100.0,32.79
2017-01-03 09:47:46.123266,94746123266000,T,PFE,200.0,32.79
2017-01-03 09:47:46.123291,94746123291000,T,PFE,40.0,32.79
2017-01-03 09:47:46.123317,94746123317000,T,PFE,60.0,32.79
2017-01-03 09:48:00.528314,94800528314000,T,PFE,200.0,32.8
2017-01-03 09:48:00.528338,94800528338000,T,PFE,300.0,32.8
2017-01-03 09:48:00.528363,94800528363000,T,PFE,200.0,32.8
2017-01-03 09:48:00.528383,94800528383000,T,PFE,1.0,32.8
2017-01-03 09:48:00.528408,94800528408000,T,PFE,100.0,32.8
2017-01-03 09:48:00.528457,94800528457000,T,PFE,100.0,32.8
2017-01-03 09:48:00.528482,94800528482000,T,PFE,200.0,32.8
2017-01-03 09:48:02.033467,94802033467000,T,PFE,100.0,32.81
2017-01-03 09:48:02.033525,94802033525000,T,PFE,100.0,32.81
2017-01-03 09:48:06.777578,94806777578000,T,PFE,200.0,32.81
2017-01-03 09:48:06.777628,94806777628000,T,PFE,100.0,32.81
2017-01-03 09:48:06.777652,94806777652000,T,PFE,200.0,32.81
2017-01-03 09:48:06.777704,94806777704000,T,PFE,200.0,32.81
2017-01-03 09:48:08.669517,94808669517000,T,PFE,100.0,32.805
2017-01-03 09:48:08.669548,94808669548000,T,PFE,100.0,32.81
2017-01-03 09:48:08.669572,94808669572000,T,PFE,50.0,32.81
2017-01-03 09:48:12.006713,94812006713000,T,PFE,200.0,32.8
2017-01-03 09:48:12.006739,94812006739000,T,PFE,200.0,32.8
2017-01-03 09:48:12.006765,94812006765000,T,PFE,400.0,32.8
2017-01-03 09:48:12.006790,94812006790000,T,PFE,100.0,32.8
2017-01-03 09:48:12.006815,94812006815000,T,PFE,387.0,32.8
2017-01-03 09:48:12.006840,94812006840000,T,PFE,13.0,32.8
2017-01-03 09:48:26.977707,94826977707000,T,PFE,200.0,32.78
2017-01-03 09:48:26.977731,94826977731000,T,PFE,100.0,32.78
2017-01-03 09:48:26.989723,94826989723000,T,PFE,200.0,32.78
2017-01-03 09:48:26.989747,94826989747000,T,PFE,200.0,32.78
2017-01-03 09:48:26.989772,94826989772000,T,PFE,200.0,32.78
2017-01-03 09:48:26.989796,94826989796000,T,PFE,100.0,32.78
2017-01-03 09:48:26.989820,94826989820000,T,PFE,100.0,32.78
2017-01-03 09:48:37.184114,94837184114000,T,PFE,100.0,32.78
2017-01-03 09:48:37.184133,94837184133000,T,PFE,100.0,32.78
2017-01-03 09:48:40.527096,94840527096000,T,PFE,100.0,32.78
2017-01-03 09:48:40.527123,94840527123000,T,PFE,100.0,32.78
2017-01-03 09:48:44.218359,94844218359000,T,PFE,100.0,32.79
2017-01-03 09:48:44.218382,94844218382000,T,PFE,100.0,32.79
2017-01-03 09:48:44.218406,94844218406000,T,PFE,100.0,32.79
2017-01-03 09:48:44.218428,94844218428000,T,PFE,171.0,32.79
2017-01-03 09:48:44.218452,94844218452000,T,PFE,100.0,32.79
2017-01-03 09:48:50.734599,94850734599000,T,PFE,100.0,32.795
2017-01-03 09:48:50.734628,94850734628000,T,PFE,100.0,32.795
2017-01-03 09:48:52.728571,94852728571000,T,PFE,100.0,32.795
2017-01-03 09:48:52.728602,94852728602000,T,PFE,100.0,32.795
2017-01-03 09:48:52.728625,94852728625000,T,PFE,100.0,32.795
2017-01-03 09:48:52.761654,94852761654000,T,PFE,100.0,32.795
2017-01-03 09:49:01.362576,94901362576000,T,PFE,200.0,32.8
2017-01-03 09:49:01.362596,94901362596000,T,PFE,100.0,32.8
2017-01-03 09:49:01.362647,94901362647000,T,PFE,100.0,32.8
2017-01-03 09:49:01.362670,94901362670000,T,PFE,400.0,32.8
2017-01-03 09:49:03.343318,94903343318000,T,PFE,200.0,32.81
2017-01-03 09:49:03.343362,94903343362000,T,PFE,200.0,32.81
2017-01-03 09:49:03.343387,94903343387000,T,PFE,200.0,32.81
2017-01-03 09:49:03.343407,94903343407000,T,PFE,100.0,32.81
2017-01-03 09:49:06.171305,94906171305000,T,PFE,600.0,32.81
2017-01-03 09:49:06.171330,94906171330000,T,PFE,100.0,32.81
2017-01-03 09:49:06.171353,94906171353000,T,PFE,100.0,32.81
2017-01-03 09:49:06.171409,94906171409000,T,PFE,200.0,32.81
2017-01-03 09:49:06.171433,94906171433000,T,PFE,100.0,32.81
2017-01-03 09:49:06.171504,94906171504000,T,PFE,100.0,32.81
2017-01-03 09:49:06.172205,94906172205000,T,PFE,100.0,32.81
2017-01-03 09:49:06.172250,94906172250000,T,PFE,100.0,32.81
2017-01-03 09:49:06.172292,94906172292000,T,PFE,500.0,32.81
2017-01-03 09:49:06.172317,94906172317000,T,PFE,200.0,32.81
2017-01-03 09:49:06.227807,94906227807000,T,PFE,100.0,32.805
2017-01-03 09:49:09.071549,94909071549000,T,PFE,200.0,32.81
2017-01-03 09:49:09.071571,94909071571000,T,PFE,200.0,32.81
2017-01-03 09:49:09.071595,94909071595000,T,PFE,200.0,32.81
2017-01-03 09:49:09.071617,94909071617000,T,PFE,192.0,32.81
2017-01-03 09:49:09.071642,94909071642000,T,PFE,208.0,32.81
2017-01-03 09:49:09.071661,94909071661000,T,PFE,200.0,32.81
2017-01-03 09:49:09.071686,94909071686000,T,PFE,100.0,32.81
2017-01-03 09:49:09.071710,94909071710000,T,PFE,963.0,32.81
2017-01-03 09:49:11.297501,94911297501000,T,PFE,200.0,32.82
2017-01-03 09:49:11.297522,94911297522000,T,PFE,269.0,32.82
2017-01-03 09:49:11.297547,94911297547000,T,PFE,131.0,32.82
2017-01-03 09:49:14.181814,94914181814000,T,PFE,100.0,32.825
2017-01-03 09:49:15.131325,94915131325000,T,PFE,100.0,32.825
2017-01-03 09:49:24.842829,94924842829000,T,PFE,100.0,32.82
2017-01-03 09:49:24.842857,94924842857000,T,PFE,100.0,32.82
2017-01-03 09:49:24.842881,94924842881000,T,PFE,600.0,32.82
2017-01-03 09:49:30.512155,94930512155000,T,PFE,100.0,32.81
2017-01-03 09:49:30.512174,94930512174000,T,PFE,100.0,32.81
2017-01-03 09:49:43.035071,94943035071000,T,PFE,164.0,32.8
2017-01-03 09:49:47.188806,94947188806000,T,PFE,200.0,32.79
2017-01-03 09:49:47.188831,94947188831000,T,PFE,300.0,32.79
2017-01-03 09:49:47.188856,94947188856000,T,PFE,100.0,32.79
2017-01-03 09:49:57.577209,94957577209000,T,PFE,100.0,32.775
2017-01-03 09:50:06.410711,95006410711000,T,PFE,100.0,32.78
2017-01-03 09:50:06.410730,95006410730000,T,PFE,100.0,32.78
2017-01-03 09:50:09.732003,95009732003000,T,PFE,100.0,32.785
2017-01-03 09:50:21.407293,95021407293000,T,PFE,200.0,32.78
2017-01-03 09:50:21.407343,95021407343000,T,PFE,200.0,32.78
2017-01-03 09:50:21.407367,95021407367000,T,PFE,131.0,32.78
2017-01-03 09:50:21.407416,95021407416000,T,PFE,169.0,32.78
2017-01-03 09:50:21.407464,95021407464000,T,PFE,100.0,32.78
2017-01-03 09:50:21.407488,95021407488000,T,PFE,400.0,32.78
2017-01-03 09:50:29.694431,95029694431000,T,PFE,200.0,32.77
2017-01-03 09:50:29.694456,95029694456000,T,PFE,200.0,32.77
2017-01-03 09:50:29.694481,95029694481000,T,PFE,100.0,32.77
2017-01-03 09:50:29.694503,95029694503000,T,PFE,100.0,32.77
2017-01-03 09:50:35.278895,95035278895000,T,PFE,100.0,32.775
2017-01-03 09:50:37.644150,95037644150000,T,PFE,100.0,32.775
2017-01-03 09:50:37.644177,95037644177000,T,PFE,153.0,32.78
2017-01-03 09:50:37.644201,95037644201000,T,PFE,100.0,32.78
2017-01-03 09:50:37.644225,95037644225000,T,PFE,100.0,32.78
2017-01-03 09:50:37.644249,95037644249000,T,PFE,100.0,32.78
2017-01-03 09:50:37.644274,95037644274000,T,PFE,48.0,32.78
2017-01-03 09:50:39.032476,95039032476000,T,PFE,200.0,32.77
2017-01-03 09:50:39.032501,95039032501000,T,PFE,100.0,32.77
2017-01-03 09:50:54.698537,95054698537000,T,PFE,100.0,32.775
2017-01-03 09:50:56.512991,95056512991000,T,PFE,52.0,32.78
2017-01-03 09:50:56.513041,95056513041000,T,PFE,20.0,32.78
2017-01-03 09:50:56.513090,95056513090000,T,PFE,100.0,32.78
2017-01-03 09:50:56.513105,95056513105000,T,PFE,151.0,32.78
2017-01-03 09:50:56.513152,95056513152000,T,PFE,200.0,32.78
2017-01-03 09:50:56.513177,95056513177000,T,PFE,100.0,32.78
2017-01-03 09:50:56.513201,95056513201000,T,PFE,100.0,32.78
2017-01-03 09:50:56.513226,95056513226000,T,PFE,200.0,32.78
2017-01-03 09:51:02.108949,95102108949000,T,PFE,100.0,32.79
2017-01-03 09:51:09.831819,95109831819000,T,PFE,500.0,32.78
2017-01-03 09:51:09.831838,95109831838000,T,PFE,100.0,32.78
2017-01-03 09:51:09.831863,95109831863000,T,PFE,3.0,32.78
2017-01-03 09:51:15.963221,95115963221000,T,PFE,33.0,32.78
2017-01-03 09:51:15.963249,95115963249000,T,PFE,167.0,32.78
2017-01-03 09:51:15.963273,95115963273000,T,PFE,153.0,32.78
2017-01-03 09:51:15.963294,95115963294000,T,PFE,200.0,32.78
2017-01-03 09:51:42.432924,95142432924000,T,PFE,52.0,32.79
2017-01-03 09:51:42.432948,95142432948000,T,PFE,261.0,32.79
2017-01-03 09:51:42.433025,95142433025000,T,PFE,100.0,32.79
2017-01-03 09:52:06.095492,95206095492000,T,PFE,100.0,32.79
2017-01-03 09:52:06.095549,95206095549000,T,PFE,200.0,32.79
2017-01-03 09:52:06.095573,95206095573000,T,PFE,100.0,32.79
2017-01-03 09:52:06.095597,95206095597000,T,PFE,100.0,32.79
2017-01-03 09:52:06.095670,95206095670000,T,PFE,100.0,32.79
2017-01-03 09:52:06.095695,95206095695000,T,PFE,100.0,32.79
2017-01-03 09:52:06.095716,95206095716000,T,PFE,100.0,32.79
2017-01-03 09:52:06.095740,95206095740000,T,PFE,100.0,32.79
2017-01-03 09:52:06.331214,95206331214000,T,PFE,200.0,32.8
2017-01-03 09:52:06.331233,95206331233000,T,PFE,40.0,32.8
2017-01-03 09:52:06.331751,95206331751000,T,PFE,160.0,32.8
2017-01-03 09:52:06.331781,95206331781000,T,PFE,100.0,32.8
2017-01-03 09:52:10.693885,95210693885000,T,PFE,100.0,32.79
2017-01-03 09:52:10.693909,95210693909000,T,PFE,300.0,32.79
2017-01-03 09:52:10.693929,95210693929000,T,PFE,100.0,32.79
2017-01-03 09:52:19.735106,95219735106000,T,PFE,200.0,32.79
2017-01-03 09:52:19.735156,95219735156000,T,PFE,200.0,32.79
2017-01-03 09:52:19.735206,95219735206000,T,PFE,100.0,32.79
2017-01-03 09:52:19.735231,95219735231000,T,PFE,20.0,32.79
2017-01-03 09:52:19.735255,95219735255000,T,PFE,100.0,32.79
2017-01-03 09:52:30.557052,95230557052000,T,PFE,200.0,32.79
2017-01-03 09:52:30.557077,95230557077000,T,PFE,100.0,32.79
2017-01-03 09:52:30.557116,95230557116000,T,PFE,200.0,32.79
2017-01-03 09:52:30.557143,95230557143000,T,PFE,94.0,32.79
2017-01-03 09:52:30.557168,95230557168000,T,PFE,6.0,32.79
2017-01-03 09:52:30.557748,95230557748000,T,PFE,59.0,32.79
2017-01-03 09:52:30.643221,95230643221000,T,PFE,400.0,32.79
2017-01-03 09:52:32.163209,95232163209000,T,PFE,100.0,32.795
2017-01-03 09:52:46.519587,95246519587000,T,PFE,200.0,32.8
2017-01-03 09:52:46.519611,95246519611000,T,PFE,55.0,32.8
2017-01-03 09:52:46.519635,95246519635000,T,PFE,100.0,32.8
2017-01-03 09:52:51.618172,95251618172000,T,PFE,152.0,32.81
2017-01-03 09:52:51.618197,95251618197000,T,PFE,90.0,32.81
2017-01-03 09:53:05.611537,95305611537000,T,PFE,152.0,32.82
2017-01-03 09:53:05.611598,95305611598000,T,PFE,100.0,32.82
2017-01-03 09:53:05.611623,95305611623000,T,PFE,100.0,32.82
2017-01-03 09:53:05.611644,95305611644000,T,PFE,100.0,32.82
2017-01-03 09:53:36.157627,95336157627000,T,PFE,200.0,32.82
2017-01-03 09:53:36.157649,95336157649000,T,PFE,200.0,32.82
2017-01-03 09:53:36.157674,95336157674000,T,PFE,200.0,32.82
2017-01-03 09:53:36.157700,95336157700000,T,PFE,200.0,32.82
2017-01-03 09:53:36.157700,95336157700000,T,PFE,200.0,32.82
2017-01-03 09:53:36.157750,95336157750000,T,PFE,100.0,32.82
2017-01-03 09:53:36.157750,95336157750000,T,PFE,100.0,32.82
2017-01-03 09:53:36.157800,95336157800000,T,PFE,100.0,32.82
2017-01-03 09:53:36.157800,95336157800000,T,PFE,120.0,32.82
2017-01-03 09:53:36.163644,95336163644000,T,PFE,100.0,32.82
2017-01-03 09:53:48.776992,95348776992000,T,PFE,200.0,32.82
2017-01-03 09:53:48.777021,95348777021000,T,PFE,700.0,32.82
2017-01-03 09:53:48.777046,95348777046000,T,PFE,200.0,32.82
2017-01-03 09:53:48.777070,95348777070000,T,PFE,200.0,32.82
2017-01-03 09:53:48.777101,95348777101000,T,PFE,100.0,32.82
2017-01-03 09:53:48.777126,95348777126000,T,PFE,600.0,32.82
2017-01-03 09:53:51.700144,95351700144000,T,PFE,298.0,32.82
2017-01-03 09:54:18.834485,95418834485000,T,PFE,200.0,32.81
2017-01-03 09:54:18.834510,95418834510000,T,PFE,138.0,32.81
2017-01-03 09:54:18.834530,95418834530000,T,PFE,62.0,32.81
2017-01-03 09:54:18.834551,95418834551000,T,PFE,100.0,32.81
2017-01-03 09:54:18.834576,95418834576000,T,PFE,100.0,32.81
2017-01-03 09:54:32.248936,95432248936000,T,PFE,100.0,32.805
2017-01-03 09:54:32.248958,95432248958000,T,PFE,100.0,32.805
2017-01-03 09:54:35.277569,95435277569000,T,PFE,200.0,32.81
2017-01-03 09:54:35.277591,95435277591000,T,PFE,100.0,32.81
2017-01-03 09:54:35.277613,95435277613000,T,PFE,100.0,32.81
2017-01-03 09:54:35.277637,95435277637000,T,PFE,100.0,32.81
2017-01-03 09:54:35.277662,95435277662000,T,PFE,100.0,32.81
2017-01-03 09:54:35.277731,95435277731000,T,PFE,100.0,32.81
2017-01-03 09:55:09.254853,95509254853000,T,PFE,100.0,32.815
2017-01-03 09:55:09.254903,95509254903000,T,PFE,200.0,32.81
2017-01-03 09:55:09.254927,95509254927000,T,PFE,200.0,32.81
2017-01-03 09:55:09.254997,95509254997000,T,PFE,100.0,32.81
2017-01-03 09:55:09.260293,95509260293000,T,PFE,100.0,32.81
2017-01-03 09:55:09.260366,95509260366000,T,PFE,100.0,32.81
2017-01-03 09:55:09.261211,95509261211000,T,PFE,100.0,32.81
2017-01-03 09:55:13.574649,95513574649000,T,PFE,100.0,32.815
2017-01-03 09:55:18.269437,95518269437000,T,PFE,100.0,32.82
2017-01-03 09:55:18.269459,95518269459000,T,PFE,200.0,32.82
2017-01-03 09:55:18.269483,95518269483000,T,PFE,100.0,32.82
2017-01-03 09:55:18.269507,95518269507000,T,PFE,171.0,32.82
2017-01-03 09:55:18.269532,95518269532000,T,PFE,100.0,32.82
2017-01-03 09:55:18.269557,95518269557000,T,PFE,100.0,32.82
2017-01-03 09:55:18.269577,95518269577000,T,PFE,180.0,32.82
2017-01-03 09:55:18.269602,95518269602000,T,PFE,100.0,32.82
2017-01-03 09:55:27.087761,95527087761000,T,PFE,100.0,32.825
2017-01-03 09:56:06.052553,95606052553000,T,PFE,100.0,32.82
2017-01-03 09:56:06.052621,95606052621000,T,PFE,100.0,32.82
2017-01-03 09:56:06.052686,95606052686000,T,PFE,34.0,32.82
2017-01-03 09:56:06.052751,95606052751000,T,PFE,10.0,32.82
2017-01-03 09:56:06.052800,95606052800000,T,PFE,56.0,32.82
2017-01-03 09:56:06.053941,95606053941000,T,PFE,100.0,32.82
2017-01-03 09:56:06.053941,95606053941000,T,PFE,200.0,32.82
2017-01-03 09:56:06.053982,95606053982000,T,PFE,200.0,32.82
2017-01-03 09:56:06.053982,95606053982000,T,PFE,200.0,32.82
2017-01-03 09:56:06.054013,95606054013000,T,PFE,200.0,32.82
2017-01-03 09:56:06.054013,95606054013000,T,PFE,100.0,32.82
2017-01-03 09:56:06.054062,95606054062000,T,PFE,200.0,32.82
2017-01-03 09:56:06.054062,95606054062000,T,PFE,200.0,32.82
2017-01-03 09:56:06.054111,95606054111000,T,PFE,100.0,32.82
2017-01-03 09:56:06.054528,95606054528000,T,PFE,200.0,32.82
2017-01-03 09:56:06.054569,95606054569000,T,PFE,200.0,32.82
2017-01-03 09:56:06.054569,95606054569000,T,PFE,100.0,32.82
2017-01-03 09:56:06.054608,95606054608000,T,PFE,300.0,32.82
2017-01-03 09:56:06.054608,95606054608000,T,PFE,100.0,32.82
2017-01-03 09:56:06.055596,95606055596000,T,PFE,100.0,32.82
2017-01-03 09:56:09.094176,95609094176000,T,PFE,100.0,32.82
2017-01-03 09:56:09.101789,95609101789000,T,PFE,100.0,32.82
2017-01-03 09:56:09.102025,95609102025000,T,PFE,100.0,32.82
2017-01-03 09:56:09.102065,95609102065000,T,PFE,100.0,32.82
2017-01-03 09:56:34.011592,95634011592000,T,PFE,100.0,32.825
2017-01-03 09:56:34.012149,95634012149000,T,PFE,100.0,32.825
2017-01-03 09:56:34.012171,95634012171000,T,PFE,100.0,32.825
2017-01-03 09:56:34.035552,95634035552000,T,PFE,100.0,32.825
2017-01-03 09:56:34.036028,95634036028000,T,PFE,100.0,32.825
2017-01-03 09:56:34.036049,95634036049000,T,PFE,100.0,32.825
2017-01-03 09:56:38.956374,95638956374000,T,PFE,100.0,32.825
2017-01-03 09:56:38.956395,95638956395000,T,PFE,100.0,32.825
2017-01-03 09:56:41.235792,95641235792000,T,PFE,400.0,32.825
2017-01-03 09:56:41.235841,95641235841000,T,PFE,500.0,32.82
2017-01-03 09:56:41.235888,95641235888000,T,PFE,23.0,32.82
2017-01-03 09:56:41.235940,95641235940000,T,PFE,10.0,32.82
2017-01-03 09:56:41.235965,95641235965000,T,PFE,10.0,32.82
2017-01-03 09:56:41.235990,95641235990000,T,PFE,10.0,32.82
2017-01-03 09:56:41.236015,95641236015000,T,PFE,10.0,32.82
2017-01-03 09:56:41.236040,95641236040000,T,PFE,37.0,32.82
2017-01-03 09:56:41.236065,95641236065000,T,PFE,63.0,32.82
2017-01-03 09:56:41.236112,95641236112000,T,PFE,37.0,32.82
2017-01-03 09:56:41.236136,95641236136000,T,PFE,100.0,32.82
2017-01-03 09:56:43.965445,95643965445000,T,PFE,5.0,32.815
2017-01-03 09:57:04.659375,95704659375000,T,PFE,200.0,32.82
2017-01-03 09:57:04.659425,95704659425000,T,PFE,100.0,32.82
2017-01-03 09:57:04.659449,95704659449000,T,PFE,86.0,32.82
2017-01-03 09:57:04.659689,95704659689000,T,PFE,14.0,32.82
2017-01-03 09:57:04.659762,95704659762000,T,PFE,100.0,32.82
2017-01-03 09:57:04.659820,95704659820000,T,PFE,200.0,32.82
2017-01-03 09:57:04.659914,95704659914000,T,PFE,100.0,32.82
2017-01-03 09:57:04.660060,95704660060000,T,PFE,100.0,32.82
2017-01-03 09:57:04.660164,95704660164000,T,PFE,100.0,32.82
2017-01-03 09:57:04.660245,95704660245000,T,PFE,100.0,32.82
2017-01-03 09:57:04.660265,95704660265000,T,PFE,50.0,32.82
2017-01-03 09:57:04.660289,95704660289000,T,PFE,48.0,32.82
2017-01-03 09:57:04.660564,95704660564000,T,PFE,21.0,32.82
2017-01-03 09:57:04.660687,95704660687000,T,PFE,179.0,32.82
2017-01-03 09:57:04.660705,95704660705000,T,PFE,221.0,32.82
2017-01-03 09:57:04.661000,95704661000000,T,PFE,100.0,32.82
2017-01-03 09:57:04.661045,95704661045000,T,PFE,100.0,32.82
2017-01-03 09:57:04.661045,95704661045000,T,PFE,100.0,32.82
2017-01-03 09:57:04.661526,95704661526000,T,PFE,100.0,32.82
2017-01-03 09:57:04.661526,95704661526000,T,PFE,79.0,32.82
2017-01-03 09:57:04.661560,95704661560000,T,PFE,200.0,32.82
2017-01-03 09:57:04.661560,95704661560000,T,PFE,121.0,32.82
2017-01-03 09:57:04.662886,95704662886000,T,PFE,131.0,32.82
2017-01-03 09:57:05.283123,95705283123000,T,PFE,100.0,32.825
2017-01-03 09:57:05.283148,95705283148000,T,PFE,100.0,32.825
2017-01-03 09:57:05.283170,95705283170000,T,PFE,100.0,32.825
2017-01-03 09:57:09.715059,95709715059000,T,PFE,100.0,32.825
2017-01-03 09:57:09.715080,95709715080000,T,PFE,100.0,32.825
2017-01-03 09:57:14.766634,95714766634000,T,PFE,100.0,32.825
2017-01-03 09:57:29.507543,95729507543000,T,PFE,100.0,32.83
2017-01-03 09:57:29.507574,95729507574000,T,PFE,100.0,32.83
2017-01-03 09:57:29.507683,95729507683000,T,PFE,100.0,32.83
2017-01-03 09:57:29.508168,95729508168000,T,PFE,100.0,32.83
2017-01-03 09:57:29.508197,95729508197000,T,PFE,100.0,32.83
2017-01-03 09:57:29.508216,95729508216000,T,PFE,100.0,32.83
2017-01-03 09:57:29.508242,95729508242000,T,PFE,100.0,32.83
2017-01-03 09:57:32.339660,95732339660000,T,PFE,100.0,32.84
2017-01-03 09:57:42.160150,95742160150000,T,PFE,100.0,32.83
2017-01-03 09:57:42.160231,95742160231000,T,PFE,100.0,32.83
2017-01-03 09:57:42.160256,95742160256000,T,PFE,500.0,32.83
2017-01-03 09:57:42.160331,95742160331000,T,PFE,100.0,32.83
2017-01-03 09:57:42.160356,95742160356000,T,PFE,100.0,32.83
2017-01-03 09:57:42.160381,95742160381000,T,PFE,100.0,32.83
2017-01-03 09:57:42.160450,95742160450000,T,PFE,34.0,32.83
2017-01-03 09:57:42.160495,95742160495000,T,PFE,10.0,32.83
2017-01-03 09:57:42.160541,95742160541000,T,PFE,10.0,32.83
2017-01-03 09:57:42.160616,95742160616000,T,PFE,10.0,32.83
2017-01-03 09:57:42.160641,95742160641000,T,PFE,10.0,32.83
2017-01-03 09:57:42.161202,95742161202000,T,PFE,60.0,32.83
2017-01-03 09:57:42.161227,95742161227000,T,PFE,600.0,32.83
2017-01-03 09:57:42.161247,95742161247000,T,PFE,700.0,32.83
2017-01-03 09:57:42.161272,95742161272000,T,PFE,100.0,32.83
2017-01-03 09:57:42.161297,95742161297000,T,PFE,84.0,32.83
2017-01-03 09:57:42.161347,95742161347000,T,PFE,100.0,32.83
2017-01-03 09:57:42.161372,95742161372000,T,PFE,100.0,32.83
2017-01-03 09:57:42.161397,95742161397000,T,PFE,100.0,32.83
2017-01-03 09:57:42.161968,95742161968000,T,PFE,66.0,32.83
2017-01-03 09:57:42.162046,95742162046000,T,PFE,100.0,32.83
2017-01-03 09:57:42.162046,95742162046000,T,PFE,200.0,32.83
2017-01-03 09:57:42.162046,95742162046000,T,PFE,100.0,32.83
2017-01-03 09:57:42.162583,95742162583000,T,PFE,200.0,32.83
2017-01-03 09:57:42.163343,95742163343000,T,PFE,100.0,32.83
2017-01-03 09:57:42.172377,95742172377000,T,PFE,100.0,32.83
2017-01-03 09:57:42.172440,95742172440000,T,PFE,100.0,32.83
2017-01-03 09:57:42.242777,95742242777000,T,PFE,100.0,32.83
2017-01-03 09:57:43.074703,95743074703000,T,PFE,100.0,32.835
2017-01-03 09:57:43.074727,95743074727000,T,PFE,100.0,32.835
2017-01-03 09:57:43.087371,95743087371000,T,PFE,65.0,32.84
2017-01-03 09:57:43.087417,95743087417000,T,PFE,100.0,32.84
2017-01-03 09:57:43.087438,95743087438000,T,PFE,4.0,32.84
2017-01-03 09:57:43.087487,95743087487000,T,PFE,155.0,32.84
2017-01-03 09:57:43.087511,95743087511000,T,PFE,100.0,32.84
2017-01-03 09:57:43.087536,95743087536000,T,PFE,76.0,32.84
2017-01-03 09:57:43.087561,95743087561000,T,PFE,24.0,32.84
2017-01-03 09:57:43.087586,95743087586000,T,PFE,76.0,32.84
2017-01-03 09:57:43.087715,95743087715000,T,PFE,300.0,32.84
2017-01-03 09:57:43.087918,95743087918000,T,PFE,24.0,32.84
2017-01-03 09:57:43.087918,95743087918000,T,PFE,76.0,32.84
2017-01-03 09:57:48.865969,95748865969000,T,PFE,100.0,32.835
2017-01-03 09:57:48.865991,95748865991000,T,PFE,100.0,32.835
2017-01-03 09:57:48.866014,95748866014000,T,PFE,100.0,32.835
2017-01-03 09:58:00.583013,95800583013000,T,PFE,24.0,32.84
2017-01-03 09:58:00.583036,95800583036000,T,PFE,200.0,32.84
2017-01-03 09:58:00.583062,95800583062000,T,PFE,300.0,32.84
2017-01-03 09:58:00.583090,95800583090000,T,PFE,100.0,32.84
2017-01-03 09:58:00.583116,95800583116000,T,PFE,41.0,32.84
2017-01-03 09:58:12.416327,95812416327000,T,PFE,170.0,32.84
2017-01-03 09:58:17.943880,95817943880000,T,PFE,130.0,32.84
2017-01-03 09:58:17.943899,95817943899000,T,PFE,100.0,32.84
2017-01-03 09:58:38.067131,95838067131000,T,PFE,30.0,32.845
2017-01-03 09:59:10.907009,95910907009000,T,PFE,6.0,32.845
2017-01-03 09:59:10.907037,95910907037000,T,PFE,100.0,32.845
2017-01-03 09:59:10.907061,95910907061000,T,PFE,94.0,32.845
2017-01-03 09:59:26.552239,95926552239000,T,PFE,100.0,32.85
2017-01-03 09:59:26.552239,95926552239000,T,PFE,200.0,32.85
2017-01-03 09:59:26.552279,95926552279000,T,PFE,33.0,32.85
2017-01-03 09:59:26.552279,95926552279000,T,PFE,100.0,32.85
2017-01-03 09:59:26.552313,95926552313000,T,PFE,100.0,32.85
2017-01-03 09:59:26.552313,95926552313000,T,PFE,200.0,32.85
2017-01-03 09:59:26.552364,95926552364000,T,PFE,100.0,32.85
2017-01-03 09:59:26.552364,95926552364000,T,PFE,100.0,32.85
2017-01-03 09:59:26.552413,95926552413000,T,PFE,100.0,32.85
2017-01-03 09:59:26.552413,95926552413000,T,PFE,100.0,32.85
2017-01-03 09:59:26.559244,95926559244000,T,PFE,58.0,32.85
2017-01-03 09:59:38.031310,95938031310000,T,PFE,100.0,32.86
2017-01-03 09:59:38.031341,95938031341000,T,PFE,41.0,32.86
2017-01-03 09:59:47.997289,95947997289000,T,PFE,200.0,32.85
2017-01-03 09:59:47.997342,95947997342000,T,PFE,600.0,32.85
2017-01-03 09:59:47.997391,95947997391000,T,PFE,387.0,32.85
2017-01-03 09:59:47.997440,95947997440000,T,PFE,313.0,32.85
2017-01-03 09:59:48.134479,95948134479000,T,PFE,170.0,32.85
2017-01-03 09:59:48.135211,95948135211000,T,PFE,30.0,32.85
2017-01-03 09:59:48.136206,95948136206000,T,PFE,144.0,32.85
2017-01-03 10:00:05.237316,100005237316000,T,PFE,56.0,32.85
2017-01-03 10:00:05.237338,100005237338000,T,PFE,100.0,32.85
2017-01-03 10:00:05.237365,100005237365000,T,PFE,100.0,32.85
2017-01-03 10:00:05.237389,100005237389000,T,PFE,71.0,32.85
2017-01-03 10:00:05.237438,100005237438000,T,PFE,29.0,32.85
2017-01-03 10:00:05.237463,100005237463000,T,PFE,71.0,32.85
2017-01-03 10:00:05.237761,100005237761000,T,PFE,64.0,32.85
2017-01-03 10:00:27.878715,100027878715000,T,PFE,65.0,32.845
2017-01-03 10:00:28.952178,100028952178000,T,PFE,200.0,32.85
2017-01-03 10:00:28.952226,100028952226000,T,PFE,100.0,32.85
2017-01-03 10:00:28.952247,100028952247000,T,PFE,100.0,32.85
2017-01-03 10:00:28.952271,100028952271000,T,PFE,200.0,32.85
2017-01-03 10:00:28.952297,100028952297000,T,PFE,100.0,32.85
2017-01-03 10:00:28.952323,100028952323000,T,PFE,100.0,32.85
2017-01-03 10:00:28.952349,100028952349000,T,PFE,100.0,32.85
2017-01-03 10:00:28.952373,100028952373000,T,PFE,100.0,32.85
2017-01-03 10:00:28.952792,100028952792000,T,PFE,16.0,32.85
2017-01-03 10:00:34.054027,100034054027000,T,PFE,58.0,32.855
2017-01-03 10:00:37.258753,100037258753000,T,PFE,100.0,32.855
2017-01-03 10:00:37.269278,100037269278000,T,PFE,100.0,32.855
2017-01-03 10:00:37.269305,100037269305000,T,PFE,100.0,32.855
2017-01-03 10:00:37.269329,100037269329000,T,PFE,100.0,32.855
2017-01-03 10:00:37.269352,100037269352000,T,PFE,100.0,32.855
2017-01-03 10:00:37.269376,100037269376000,T,PFE,100.0,32.855
2017-01-03 10:00:37.284692,100037284692000,T,PFE,100.0,32.86
2017-01-03 10:00:54.278838,100054278838000,T,PFE,200.0,32.86
2017-01-03 10:00:54.278861,100054278861000,T,PFE,100.0,32.86
2017-01-03 10:00:54.278890,100054278890000,T,PFE,100.0,32.86
2017-01-03 10:00:54.278911,100054278911000,T,PFE,200.0,32.86
2017-01-03 10:00:54.278961,100054278961000,T,PFE,100.0,32.86
2017-01-03 10:00:54.279010,100054279010000,T,PFE,388.0,32.86
2017-01-03 10:00:54.279055,100054279055000,T,PFE,100.0,32.86
2017-01-03 10:00:54.279209,100054279209000,T,PFE,112.0,32.86
2017-01-03 10:00:54.279259,100054279259000,T,PFE,100.0,32.86
2017-01-03 10:00:54.279287,100054279287000,T,PFE,100.0,32.86
2017-01-03 10:01:06.153012,100106153012000,T,PFE,82.0,32.85
2017-01-03 10:01:06.153037,100106153037000,T,PFE,18.0,32.85
2017-01-03 10:01:10.890932,100110890932000,T,PFE,100.0,32.84
2017-01-03 10:01:14.084823,100114084823000,T,PFE,100.0,32.84
2017-01-03 10:01:34.207811,100134207811000,T,PFE,25.0,32.835
2017-01-03 10:01:36.723753,100136723753000,T,PFE,75.0,32.835
2017-01-03 10:01:36.723778,100136723778000,T,PFE,200.0,32.84
2017-01-03 10:01:36.723828,100136723828000,T,PFE,100.0,32.84
2017-01-03 10:01:36.723852,100136723852000,T,PFE,100.0,32.84
2017-01-03 10:01:36.723877,100136723877000,T,PFE,125.0,32.84
2017-01-03 10:01:45.866171,100145866171000,T,PFE,200.0,32.835
2017-01-03 10:01:55.245170,100155245170000,T,PFE,100.0,32.835
2017-01-03 10:01:55.245674,100155245674000,T,PFE,100.0,32.835
2017-01-03 10:01:55.245930,100155245930000,T,PFE,3.0,32.835
2017-01-03 10:01:55.246491,100155246491000,T,PFE,97.0,32.835
2017-01-03 10:01:55.246512,100155246512000,T,PFE,11.0,32.835
2017-01-03 10:01:55.246537,100155246537000,T,PFE,200.0,32.83
2017-01-03 10:01:55.246562,100155246562000,T,PFE,92.0,32.83
2017-01-03 10:01:55.246603,100155246603000,T,PFE,10.0,32.83
2017-01-03 10:01:55.246678,100155246678000,T,PFE,10.0,32.83
2017-01-03 10:01:55.246721,100155246721000,T,PFE,10.0,32.83
2017-01-03 10:02:05.203840,100205203840000,T,PFE,100.0,32.835
2017-01-03 10:02:56.836330,100256836330000,T,PFE,100.0,32.835
2017-01-03 10:02:56.836351,100256836351000,T,PFE,100.0,32.835
2017-01-03 10:03:00.526058,100300526058000,T,PFE,75.0,32.84
2017-01-03 10:03:00.526079,100300526079000,T,PFE,100.0,32.84
2017-01-03 10:03:00.526107,100300526107000,T,PFE,100.0,32.84
2017-01-03 10:03:00.526130,100300526130000,T,PFE,100.0,32.84
2017-01-03 10:03:00.526154,100300526154000,T,PFE,37.0,32.84
2017-01-03 10:03:00.526178,100300526178000,T,PFE,100.0,32.84
2017-01-03 10:03:00.526202,100300526202000,T,PFE,100.0,32.84
2017-01-03 10:03:00.526225,100300526225000,T,PFE,100.0,32.84
2017-01-03 10:03:00.526248,100300526248000,T,PFE,100.0,32.84
2017-01-03 10:03:00.526271,100300526271000,T,PFE,300.0,32.84
2017-01-03 10:03:00.526295,100300526295000,T,PFE,100.0,32.84
2017-01-03 10:03:06.353024,100306353024000,T,PFE,100.0,32.84
2017-01-03 10:03:17.916885,100317916885000,T,PFE,200.0,32.83
2017-01-03 10:03:17.916931,100317916931000,T,PFE,100.0,32.83
2017-01-03 10:03:21.714433,100321714433000,T,PFE,2.0,32.82
2017-01-03 10:03:21.714560,100321714560000,T,PFE,200.0,32.82
2017-01-03 10:03:21.714580,100321714580000,T,PFE,75.0,32.82
2017-01-03 10:03:23.429175,100323429175000,T,PFE,44.0,32.815
2017-01-03 10:04:06.677933,100406677933000,T,PFE,6.0,32.81
2017-01-03 10:04:06.677956,100406677956000,T,PFE,100.0,32.81
2017-01-03 10:04:06.677983,100406677983000,T,PFE,100.0,32.81
2017-01-03 10:04:06.678005,100406678005000,T,PFE,194.0,32.81
2017-01-03 10:04:06.678035,100406678035000,T,PFE,6.0,32.81
2017-01-03 10:04:06.678055,100406678055000,T,PFE,94.0,32.81
2017-01-03 10:04:06.678080,100406678080000,T,PFE,100.0,32.81
2017-01-03 10:04:06.678132,100406678132000,T,PFE,6.0,32.81
2017-01-03 10:04:06.678154,100406678154000,T,PFE,94.0,32.81
2017-01-03 10:04:23.256749,100423256749000,T,PFE,31.0,32.81
2017-01-03 10:04:23.349539,100423349539000,T,PFE,69.0,32.81
2017-01-03 10:04:23.349559,100423349559000,T,PFE,100.0,32.81
2017-01-03 10:04:25.570232,100425570232000,T,PFE,200.0,32.8
2017-01-03 10:04:33.565572,100433565572000,T,PFE,200.0,32.81
2017-01-03 10:04:33.565618,100433565618000,T,PFE,300.0,32.81
2017-01-03 10:04:33.565643,100433565643000,T,PFE,100.0,32.81
2017-01-03 10:04:33.565667,100433565667000,T,PFE,100.0,32.81
2017-01-03 10:04:33.565692,100433565692000,T,PFE,100.0,32.81
2017-01-03 10:04:33.565717,100433565717000,T,PFE,100.0,32.81
2017-01-03 10:04:33.565742,100433565742000,T,PFE,200.0,32.81
2017-01-03 10:04:33.565768,100433565768000,T,PFE,100.0,32.81
2017-01-03 10:04:33.565793,100433565793000,T,PFE,200.0,32.81
2017-01-03 10:04:33.565965,100433565965000,T,PFE,100.0,32.81
2017-01-03 10:04:35.388706,100435388706000,T,PFE,100.0,32.815
2017-01-03 10:04:42.770993,100442770993000,T,PFE,200.0,32.82
2017-01-03 10:04:42.771042,100442771042000,T,PFE,100.0,32.82
2017-01-03 10:04:42.771192,100442771192000,T,PFE,100.0,32.82
2017-01-03 10:04:42.771192,100442771192000,T,PFE,100.0,32.82
2017-01-03 10:04:42.771240,100442771240000,T,PFE,100.0,32.82
2017-01-03 10:04:42.771240,100442771240000,T,PFE,100.0,32.82
2017-01-03 10:04:42.771290,100442771290000,T,PFE,400.0,32.82
2017-01-03 10:04:42.771339,100442771339000,T,PFE,100.0,32.82
2017-01-03 10:04:42.771339,100442771339000,T,PFE,300.0,32.82
2017-01-03 10:04:42.771389,100442771389000,T,PFE,19.0,32.82
2017-01-03 10:04:42.771739,100442771739000,T,PFE,181.0,32.82
2017-01-03 10:04:42.771887,100442771887000,T,PFE,100.0,32.82
2017-01-03 10:04:42.771887,100442771887000,T,PFE,100.0,32.82
2017-01-03 10:04:42.771887,100442771887000,T,PFE,19.0,32.82
2017-01-03 10:04:46.095478,100446095478000,T,PFE,100.0,32.82
2017-01-03 10:04:46.095556,100446095556000,T,PFE,48.0,32.82
2017-01-03 10:04:46.095605,100446095605000,T,PFE,52.0,32.82
2017-01-03 10:04:51.136078,100451136078000,T,PFE,200.0,32.82
2017-01-03 10:04:51.136110,100451136110000,T,PFE,200.0,32.82
2017-01-03 10:04:51.136133,100451136133000,T,PFE,100.0,32.82
2017-01-03 10:04:51.136157,100451136157000,T,PFE,100.0,32.82
2017-01-03 10:04:51.136181,100451136181000,T,PFE,100.0,32.82
2017-01-03 10:04:53.741680,100453741680000,T,PFE,200.0,32.83
2017-01-03 10:04:53.741702,100453741702000,T,PFE,100.0,32.83
2017-01-03 10:04:53.741721,100453741721000,T,PFE,100.0,32.83
2017-01-03 10:04:53.741745,100453741745000,T,PFE,209.0,32.83
2017-01-03 10:04:53.741870,100453741870000,T,PFE,91.0,32.83
2017-01-03 10:04:53.742309,100453742309000,T,PFE,167.0,32.83
2017-01-03 10:04:53.743889,100453743889000,T,PFE,133.0,32.83
2017-01-03 10:04:53.743889,100453743889000,T,PFE,100.0,32.83
2017-01-03 10:05:01.790755,100501790755000,T,PFE,100.0,32.83
2017-01-03 10:05:01.790779,100501790779000,T,PFE,100.0,32.83
2017-01-03 10:05:01.790832,100501790832000,T,PFE,10.0,32.83
2017-01-03 10:05:01.790861,100501790861000,T,PFE,20.0,32.83
2017-01-03 10:05:04.067152,100504067152000,T,PFE,100.0,32.82
2017-01-03 10:05:04.269455,100504269455000,T,PFE,100.0,32.82
2017-01-03 10:05:04.269481,100504269481000,T,PFE,200.0,32.82
2017-01-03 10:05:04.269505,100504269505000,T,PFE,200.0,32.82
2017-01-03 10:05:04.269528,100504269528000,T,PFE,100.0,32.82
2017-01-03 10:05:04.269552,100504269552000,T,PFE,100.0,32.82
2017-01-03 10:05:15.664845,100515664845000,T,PFE,100.0,32.825
2017-01-03 10:05:15.664866,100515664866000,T,PFE,100.0,32.825
2017-01-03 10:05:15.664891,100515664891000,T,PFE,12.0,32.83
2017-01-03 10:05:15.666861,100515666861000,T,PFE,188.0,32.83
2017-01-03 10:05:15.666907,100515666907000,T,PFE,90.0,32.83
2017-01-03 10:05:15.666982,100515666982000,T,PFE,100.0,32.83
2017-01-03 10:05:15.670013,100515670013000,T,PFE,10.0,32.83
2017-01-03 10:05:15.670036,100515670036000,T,PFE,200.0,32.83
2017-01-03 10:05:15.670057,100515670057000,T,PFE,90.0,32.83
2017-01-03 10:05:15.689032,100515689032000,T,PFE,100.0,32.83
2017-01-03 10:05:15.689061,100515689061000,T,PFE,200.0,32.83
2017-01-03 10:05:15.689091,100515689091000,T,PFE,200.0,32.83
2017-01-03 10:05:15.689116,100515689116000,T,PFE,100.0,32.83
2017-01-03 10:05:28.607183,100528607183000,T,PFE,125.0,32.83
2017-01-03 10:05:30.022153,100530022153000,T,PFE,200.0,32.83
2017-01-03 10:05:30.022203,100530022203000,T,PFE,144.0,32.83
2017-01-03 10:05:30.022203,100530022203000,T,PFE,100.0,32.83
2017-01-03 10:05:37.859243,100537859243000,T,PFE,200.0,32.83
2017-01-03 10:05:37.859262,100537859262000,T,PFE,200.0,32.83
2017-01-03 10:05:37.859319,100537859319000,T,PFE,100.0,32.83
2017-01-03 10:05:56.697224,100556697224000,T,PFE,200.0,32.83
2017-01-03 10:05:56.697224,100556697224000,T,PFE,100.0,32.83
2017-01-03 10:05:56.697224,100556697224000,T,PFE,79.0,32.83
2017-01-03 10:05:56.698734,100556698734000,T,PFE,21.0,32.83
2017-01-03 10:05:56.698734,100556698734000,T,PFE,200.0,32.83
2017-01-03 10:05:56.698808,100556698808000,T,PFE,100.0,32.83
2017-01-03 10:05:56.698808,100556698808000,T,PFE,100.0,32.83
2017-01-03 10:05:56.698808,100556698808000,T,PFE,100.0,32.83
2017-01-03 10:06:03.663597,100603663597000,T,PFE,100.0,32.835
2017-01-03 10:06:10.763798,100610763798000,T,PFE,100.0,32.84
2017-01-03 10:06:10.763823,100610763823000,T,PFE,100.0,32.84
2017-01-03 10:06:10.763851,100610763851000,T,PFE,400.0,32.84
2017-01-03 10:06:10.763876,100610763876000,T,PFE,100.0,32.84
2017-01-03 10:06:10.763901,100610763901000,T,PFE,100.0,32.84
2017-01-03 10:06:10.763926,100610763926000,T,PFE,100.0,32.84
2017-01-03 10:06:10.763950,100610763950000,T,PFE,100.0,32.84
2017-01-03 10:06:23.466210,100623466210000,T,PFE,100.0,32.85
2017-01-03 10:06:23.466210,100623466210000,T,PFE,400.0,32.85
2017-01-03 10:06:23.466253,100623466253000,T,PFE,100.0,32.85
2017-01-03 10:06:32.452713,100632452713000,T,PFE,173.0,32.86
2017-01-03 10:06:32.452874,100632452874000,T,PFE,100.0,32.86
2017-01-03 10:06:32.452897,100632452897000,T,PFE,100.0,32.86
2017-01-03 10:06:36.563151,100636563151000,T,PFE,200.0,32.87
2017-01-03 10:06:36.563175,100636563175000,T,PFE,200.0,32.87
2017-01-03 10:06:36.563199,100636563199000,T,PFE,173.0,32.87
2017-01-03 10:06:36.563220,100636563220000,T,PFE,100.0,32.87
2017-01-03 10:06:36.563245,100636563245000,T,PFE,200.0,32.87
2017-01-03 10:06:36.563270,100636563270000,T,PFE,46.0,32.87
2017-01-03 10:06:36.563398,100636563398000,T,PFE,100.0,32.87
2017-01-03 10:06:36.567913,100636567913000,T,PFE,8.0,32.87
2017-01-03 10:06:36.567937,100636567937000,T,PFE,100.0,32.87
2017-01-03 10:06:36.567962,100636567962000,T,PFE,200.0,32.87
2017-01-03 10:06:36.567986,100636567986000,T,PFE,100.0,32.87
2017-01-03 10:06:36.578698,100636578698000,T,PFE,100.0,32.875
2017-01-03 10:06:36.601830,100636601830000,T,PFE,100.0,32.875
2017-01-03 10:06:36.601849,100636601849000,T,PFE,100.0,32.875
2017-01-03 10:06:36.612623,100636612623000,T,PFE,100.0,32.875
2017-01-03 10:06:36.740555,100636740555000,T,PFE,100.0,32.875
2017-01-03 10:06:36.740593,100636740593000,T,PFE,100.0,32.87
2017-01-03 10:06:36.740593,100636740593000,T,PFE,300.0,32.87
