DateTime,Time,Exchange,Symbol,Bid_Price,Bid_Size,Offer_Price,Offer_Size
2017-01-03 09:30:00,93000766290000.0,T,PFE,32.55,8.0,32.76,8.0
2017-01-03 09:30:01,93001992610000.0,T,PFE,32.67,8.0,32.7,31.0
2017-01-03 09:30:02,93002933311000.0,T,PFE,32.67,7.0,32.7,2.0
2017-01-03 09:30:03,93003882764000.0,T,PFE,32.7,1.0,32.76,17.0
2017-01-03 09:30:04,93004943608000.0,T,PFE,32.7,1.0,32.73,13.0
2017-01-03 09:30:05,93005991747000.0,T,PFE,32.69,2.0,32.74,41.0
2017-01-03 09:30:06,93006506218000.0,T,PFE,32.67,5.0,32.74,41.0
2017-01-03 09:30:07,93007572809000.0,T,PFE,32.67,5.0,32.74,34.0
2017-01-03 09:30:08,93008297766000.0,T,PFE,32.67,5.0,32.74,32.0
2017-01-03 09:30:09,93009974124000.0,T,PFE,32.67,5.0,32.74,34.0
2017-01-03 09:30:10,93010934962000.0,T,PFE,32.67,3.0,32.71,1.0
2017-01-03 09:30:11,93011865090000.0,T,PFE,32.7,1.0,32.73,1.0
2017-01-03 09:30:12,93012914113000.0,T,PFE,32.71,1.0,32.73,1.0
2017-01-03 09:30:13,93013790795000.0,T,PFE,32.7,1.0,32.73,1.0
2017-01-03 09:30:14,93014928044000.0,T,PFE,32.69,1.0,32.72,20.0
2017-01-03 09:30:15,93015814888000.0,T,PFE,32.72,1.0,32.73,1.0
2017-01-03 09:30:16,93016737146000.0,T,PFE,32.72,1.0,32.73,1.0
2017-01-03 09:30:17,93017388740000.0,T,PFE,32.69,1.0,32.72,3.0
2017-01-03 09:30:18,93018922372000.0,T,PFE,32.68,1.0,32.72,4.0
2017-01-03 09:30:19,93019991646000.0,T,PFE,32.67,3.0,32.68,16.0
2017-01-03 09:30:20,93020424945000.0,T,PFE,32.66,7.0,32.67,1.0
2017-01-03 09:30:21,93021955705000.0,T,PFE,32.66,7.0,32.67,1.0
2017-01-03 09:30:22,93022193605000.0,T,PFE,32.57,9.0,32.66,1.0
2017-01-03 09:30:23,93023427531000.0,T,PFE,32.62,7.0,32.67,10.0
2017-01-03 09:30:24,93024928844000.0,T,PFE,32.66,7.0,32.68,8.0
2017-01-03 09:30:25,93025816377000.0,T,PFE,32.66,7.0,32.68,2.0
2017-01-03 09:30:26,93026922784000.0,T,PFE,32.66,7.0,32.68,4.0
2017-01-03 09:30:27,93027994810000.0,T,PFE,32.67,1.0,32.68,11.0
2017-01-03 09:30:28,93028998317000.0,T,PFE,32.65,2.0,32.68,5.0
2017-01-03 09:30:29,93029940356000.0,T,PFE,32.66,2.0,32.68,5.0
2017-01-03 09:30:30,93030982295000.0,T,PFE,32.64,2.0,32.66,6.0
2017-01-03 09:30:31,93031557807000.0,T,PFE,32.64,2.0,32.68,14.0
2017-01-03 09:30:32,93032267196000.0,T,PFE,32.64,2.0,32.68,14.0
2017-01-03 09:30:33,93033861727000.0,T,PFE,32.62,2.0,32.64,3.0
2017-01-03 09:30:34,93033861727000.0,T,PFE,32.62,2.0,32.64,3.0
2017-01-03 09:30:35,93035255065000.0,T,PFE,32.62,2.0,32.66,2.0
2017-01-03 09:30:36,93035255065000.0,T,PFE,32.62,2.0,32.66,2.0
2017-01-03 09:30:37,93035255065000.0,T,PFE,32.62,2.0,32.66,2.0
2017-01-03 09:30:38,93038999901000.0,T,PFE,32.62,2.0,32.66,4.0
2017-01-03 09:30:39,93039010030000.0,T,PFE,32.62,2.0,32.66,5.0
2017-01-03 09:30:40,93039010030000.0,T,PFE,32.62,2.0,32.66,5.0
2017-01-03 09:30:41,93041608762000.0,T,PFE,32.62,2.0,32.65,3.0
2017-01-03 09:30:42,93041608762000.0,T,PFE,32.62,2.0,32.65,3.0
2017-01-03 09:30:43,93043371433000.0,T,PFE,32.6,3.0,32.62,1.0
2017-01-03 09:30:44,93044934271000.0,T,PFE,32.6,3.0,32.64,4.0
2017-01-03 09:30:45,93045802044000.0,T,PFE,32.59,2.0,32.63,2.0
2017-01-03 09:30:46,93045802044000.0,T,PFE,32.59,2.0,32.63,2.0
2017-01-03 09:30:47,93045802044000.0,T,PFE,32.59,2.0,32.63,2.0
2017-01-03 09:30:48,93048368673000.0,T,PFE,32.61,2.0,32.65,5.0
2017-01-03 09:30:49,93048368673000.0,T,PFE,32.61,2.0,32.65,5.0
2017-01-03 09:30:50,93048368673000.0,T,PFE,32.61,2.0,32.65,5.0
2017-01-03 09:30:51,93048368673000.0,T,PFE,32.61,2.0,32.65,5.0
2017-01-03 09:30:52,93048368673000.0,T,PFE,32.61,2.0,32.65,5.0
2017-01-03 09:30:53,93053340933000.0,T,PFE,32.6,2.0,32.64,4.0
2017-01-03 09:30:54,93054406442000.0,T,PFE,32.59,2.0,32.62,2.0
2017-01-03 09:30:55,93055993519000.0,T,PFE,32.62,1.0,32.64,2.0
2017-01-03 09:30:56,93056464075000.0,T,PFE,32.61,1.0,32.64,2.0
2017-01-03 09:30:57,93056464075000.0,T,PFE,32.61,1.0,32.64,2.0
2017-01-03 09:30:58,93056464075000.0,T,PFE,32.61,1.0,32.64,2.0
2017-01-03 09:30:59,93059427636000.0,T,PFE,32.61,1.0,32.64,4.0
2017-01-03 09:31:00,93100708330000.0,T,PFE,32.61,1.0,32.63,6.0
2017-01-03 09:31:01,93101199113000.0,T,PFE,32.61,1.0,32.64,4.0
2017-01-03 09:31:02,93101199113000.0,T,PFE,32.61,1.0,32.64,4.0
2017-01-03 09:31:03,93101199113000.0,T,PFE,32.61,1.0,32.64,4.0
2017-01-03 09:31:04,93101199113000.0,T,PFE,32.61,1.0,32.64,4.0
2017-01-03 09:31:05,93101199113000.0,T,PFE,32.61,1.0,32.64,4.0
2017-01-03 09:31:06,93101199113000.0,T,PFE,32.61,1.0,32.64,4.0
2017-01-03 09:31:07,93101199113000.0,T,PFE,32.61,1.0,32.64,4.0
2017-01-03 09:31:08,93108133619000.0,T,PFE,32.61,1.0,32.63,9.0
2017-01-03 09:31:09,93108133619000.0,T,PFE,32.61,1.0,32.63,9.0
2017-01-03 09:31:10,93110968102000.0,T,PFE,32.59,9.0,32.61,2.0
2017-01-03 09:31:11,93111171924000.0,T,PFE,32.59,9.0,32.61,1.0
2017-01-03 09:31:12,93112820538000.0,T,PFE,32.59,6.0,32.61,9.0
2017-01-03 09:31:13,93113642820000.0,T,PFE,32.59,2.0,32.61,9.0
2017-01-03 09:31:14,93113642820000.0,T,PFE,32.59,2.0,32.61,9.0
2017-01-03 09:31:15,93115747359000.0,T,PFE,32.59,3.0,32.61,9.0
2017-01-03 09:31:16,93116847251000.0,T,PFE,32.6,3.0,32.61,3.0
2017-01-03 09:31:17,93117981220000.0,T,PFE,32.6,2.0,32.61,3.0
2017-01-03 09:31:18,93118975186000.0,T,PFE,32.6,4.0,32.63,2.0
2017-01-03 09:31:19,93119997079000.0,T,PFE,32.63,2.0,32.64,2.0
2017-01-03 09:31:20,93120201705000.0,T,PFE,32.61,5.0,32.64,4.0
2017-01-03 09:31:21,93120201705000.0,T,PFE,32.61,5.0,32.64,4.0
2017-01-03 09:31:22,93122666824000.0,T,PFE,32.6,4.0,32.64,2.0
2017-01-03 09:31:23,93123195555000.0,T,PFE,32.6,5.0,32.63,6.0
2017-01-03 09:31:24,93123195555000.0,T,PFE,32.6,5.0,32.63,6.0
2017-01-03 09:31:25,93123195555000.0,T,PFE,32.6,5.0,32.63,6.0
2017-01-03 09:31:26,93123195555000.0,T,PFE,32.6,5.0,32.63,6.0
2017-01-03 09:31:27,93123195555000.0,T,PFE,32.6,5.0,32.63,6.0
2017-01-03 09:31:28,93128244405000.0,T,PFE,32.61,3.0,32.65,9.0
2017-01-03 09:31:29,93128244405000.0,T,PFE,32.61,3.0,32.65,9.0
2017-01-03 09:31:30,93130666307000.0,T,PFE,32.62,2.0,32.65,9.0
2017-01-03 09:31:31,93130666307000.0,T,PFE,32.62,2.0,32.65,9.0
2017-01-03 09:31:32,93130666307000.0,T,PFE,32.62,2.0,32.65,9.0
2017-01-03 09:31:33,93133819326000.0,T,PFE,32.62,2.0,32.64,2.0
2017-01-03 09:31:34,93133819326000.0,T,PFE,32.62,2.0,32.64,2.0
2017-01-03 09:31:35,93133819326000.0,T,PFE,32.62,2.0,32.64,2.0
2017-01-03 09:31:36,93133819326000.0,T,PFE,32.62,2.0,32.64,2.0
2017-01-03 09:31:37,93133819326000.0,T,PFE,32.62,2.0,32.64,2.0
2017-01-03 09:31:38,93133819326000.0,T,PFE,32.62,2.0,32.64,2.0
2017-01-03 09:31:39,93133819326000.0,T,PFE,32.62,2.0,32.64,2.0
2017-01-03 09:31:40,93140318647000.0,T,PFE,32.61,7.0,32.64,3.0
2017-01-03 09:31:41,93140318647000.0,T,PFE,32.61,7.0,32.64,3.0
2017-01-03 09:31:42,93142617555000.0,T,PFE,32.63,3.0,32.66,1.0
2017-01-03 09:31:43,93142617555000.0,T,PFE,32.63,3.0,32.66,1.0
2017-01-03 09:31:44,93144969070000.0,T,PFE,32.63,3.0,32.66,1.0
2017-01-03 09:31:45,93145971651000.0,T,PFE,32.63,2.0,32.65,1.0
2017-01-03 09:31:46,93146476820000.0,T,PFE,32.64,4.0,32.67,3.0
2017-01-03 09:31:47,93147501782000.0,T,PFE,32.64,5.0,32.66,2.0
2017-01-03 09:31:48,93147501782000.0,T,PFE,32.64,5.0,32.66,2.0
2017-01-03 09:31:49,93147501782000.0,T,PFE,32.64,5.0,32.66,2.0
2017-01-03 09:31:50,93150842672000.0,T,PFE,32.64,5.0,32.66,3.0
2017-01-03 09:31:51,93151929654000.0,T,PFE,32.65,7.0,32.67,1.0
2017-01-03 09:31:52,93151929654000.0,T,PFE,32.65,7.0,32.67,1.0
2017-01-03 09:31:53,93153891115000.0,T,PFE,32.65,7.0,32.67,2.0
2017-01-03 09:31:54,93153891115000.0,T,PFE,32.65,7.0,32.67,2.0
2017-01-03 09:31:55,93155761665000.0,T,PFE,32.65,7.0,32.67,3.0
2017-01-03 09:31:56,93156642511000.0,T,PFE,32.65,7.0,32.67,2.0
2017-01-03 09:31:57,93156642511000.0,T,PFE,32.65,7.0,32.67,2.0
2017-01-03 09:31:58,93158355148000.0,T,PFE,32.65,8.0,32.67,2.0
2017-01-03 09:31:59,93158355148000.0,T,PFE,32.65,8.0,32.67,2.0
2017-01-03 09:32:00,93200891240000.0,T,PFE,32.65,6.0,32.67,2.0
2017-01-03 09:32:01,93201943711000.0,T,PFE,32.65,8.0,32.67,7.0
2017-01-03 09:32:02,93201943711000.0,T,PFE,32.65,8.0,32.67,7.0
2017-01-03 09:32:03,93203399448000.0,T,PFE,32.66,3.0,32.67,4.0
2017-01-03 09:32:04,93204972018000.0,T,PFE,32.67,1.0,32.68,9.0
2017-01-03 09:32:05,93205972343000.0,T,PFE,32.67,6.0,32.68,9.0
2017-01-03 09:32:06,93206945040000.0,T,PFE,32.67,1.0,32.68,12.0
2017-01-03 09:32:07,93206945040000.0,T,PFE,32.67,1.0,32.68,12.0
2017-01-03 09:32:08,93206945040000.0,T,PFE,32.67,1.0,32.68,12.0
2017-01-03 09:32:09,93206945040000.0,T,PFE,32.67,1.0,32.68,12.0
2017-01-03 09:32:10,93206945040000.0,T,PFE,32.67,1.0,32.68,12.0
2017-01-03 09:32:11,93206945040000.0,T,PFE,32.67,1.0,32.68,12.0
2017-01-03 09:32:12,93212386825000.0,T,PFE,32.67,1.0,32.68,6.0
2017-01-03 09:32:13,93213738129000.0,T,PFE,32.67,1.0,32.68,8.0
2017-01-03 09:32:14,93214690497000.0,T,PFE,32.67,1.0,32.68,7.0
2017-01-03 09:32:15,93215056541000.0,T,PFE,32.66,7.0,32.67,9.0
2017-01-03 09:32:16,93215056541000.0,T,PFE,32.66,7.0,32.67,9.0
2017-01-03 09:32:17,93215056541000.0,T,PFE,32.66,7.0,32.67,9.0
2017-01-03 09:32:18,93218204598000.0,T,PFE,32.66,1.0,32.67,9.0
2017-01-03 09:32:19,93219134458000.0,T,PFE,32.66,1.0,32.67,8.0
2017-01-03 09:32:20,93220470046000.0,T,PFE,32.66,1.0,32.67,9.0
2017-01-03 09:32:21,93221891721000.0,T,PFE,32.65,1.0,32.67,11.0
2017-01-03 09:32:22,93222629036000.0,T,PFE,32.65,1.0,32.67,13.0
2017-01-03 09:32:23,93222629036000.0,T,PFE,32.65,1.0,32.67,13.0
2017-01-03 09:32:24,93222629036000.0,T,PFE,32.65,1.0,32.67,13.0
2017-01-03 09:32:25,93222629036000.0,T,PFE,32.65,1.0,32.67,13.0
2017-01-03 09:32:26,93222629036000.0,T,PFE,32.65,1.0,32.67,13.0
2017-01-03 09:32:27,93222629036000.0,T,PFE,32.65,1.0,32.67,13.0
2017-01-03 09:32:28,93222629036000.0,T,PFE,32.65,1.0,32.67,13.0
2017-01-03 09:32:29,93229946581000.0,T,PFE,32.63,9.0,32.65,15.0
2017-01-03 09:32:30,93229946581000.0,T,PFE,32.63,9.0,32.65,15.0
2017-01-03 09:32:31,93231996006000.0,T,PFE,32.64,5.0,32.66,10.0
2017-01-03 09:32:32,93232953555000.0,T,PFE,32.64,2.0,32.65,4.0
2017-01-03 09:32:33,93233953395000.0,T,PFE,32.64,7.0,32.65,5.0
2017-01-03 09:32:34,93233953395000.0,T,PFE,32.64,7.0,32.65,5.0
2017-01-03 09:32:35,93235214221000.0,T,PFE,32.64,3.0,32.65,4.0
2017-01-03 09:32:36,93235214221000.0,T,PFE,32.64,3.0,32.65,4.0
2017-01-03 09:32:37,93235214221000.0,T,PFE,32.64,3.0,32.65,4.0
2017-01-03 09:32:38,93235214221000.0,T,PFE,32.64,3.0,32.65,4.0
2017-01-03 09:32:39,93235214221000.0,T,PFE,32.64,3.0,32.65,4.0
2017-01-03 09:32:40,93240004364000.0,T,PFE,32.64,3.0,32.65,5.0
2017-01-03 09:32:41,93240004364000.0,T,PFE,32.64,3.0,32.65,5.0
2017-01-03 09:32:42,93240004364000.0,T,PFE,32.64,3.0,32.65,5.0
2017-01-03 09:32:43,93243707935000.0,T,PFE,32.64,8.0,32.65,1.0
2017-01-03 09:32:44,93244791249000.0,T,PFE,32.64,7.0,32.65,1.0
2017-01-03 09:32:45,93244791249000.0,T,PFE,32.64,7.0,32.65,1.0
2017-01-03 09:32:46,93246700823000.0,T,PFE,32.64,8.0,32.65,1.0
2017-01-03 09:32:47,93247699507000.0,T,PFE,32.65,9.0,32.66,7.0
2017-01-03 09:32:48,93247699507000.0,T,PFE,32.65,9.0,32.66,7.0
2017-01-03 09:32:49,93249771543000.0,T,PFE,32.65,6.0,32.66,7.0
2017-01-03 09:32:50,93250601847000.0,T,PFE,32.65,1.0,32.66,7.0
2017-01-03 09:32:51,93251904996000.0,T,PFE,32.64,7.0,32.65,4.0
2017-01-03 09:32:52,93251904996000.0,T,PFE,32.64,7.0,32.65,4.0
2017-01-03 09:32:53,93251904996000.0,T,PFE,32.64,7.0,32.65,4.0
2017-01-03 09:32:54,93251904996000.0,T,PFE,32.64,7.0,32.65,4.0
2017-01-03 09:32:55,93255775290000.0,T,PFE,32.65,1.0,32.66,6.0
2017-01-03 09:32:56,93256631973000.0,T,PFE,32.65,6.0,32.66,8.0
2017-01-03 09:32:57,93257306484000.0,T,PFE,32.65,5.0,32.66,6.0
2017-01-03 09:32:58,93257306484000.0,T,PFE,32.65,5.0,32.66,6.0
2017-01-03 09:32:59,93257306484000.0,T,PFE,32.65,5.0,32.66,6.0
2017-01-03 09:33:00,93257306484000.0,T,PFE,32.65,5.0,32.66,6.0
2017-01-03 09:33:01,93301634316000.0,T,PFE,32.65,6.0,32.66,8.0
2017-01-03 09:33:02,93301634316000.0,T,PFE,32.65,6.0,32.66,8.0
2017-01-03 09:33:03,93301634316000.0,T,PFE,32.65,6.0,32.66,8.0
2017-01-03 09:33:04,93301634316000.0,T,PFE,32.65,6.0,32.66,8.0
2017-01-03 09:33:05,93301634316000.0,T,PFE,32.65,6.0,32.66,8.0
2017-01-03 09:33:06,93301634316000.0,T,PFE,32.65,6.0,32.66,8.0
2017-01-03 09:33:07,93307997233000.0,T,PFE,32.66,12.0,32.68,18.0
2017-01-03 09:33:08,93308161807000.0,T,PFE,32.66,11.0,32.67,2.0
2017-01-03 09:33:09,93308161807000.0,T,PFE,32.66,11.0,32.67,2.0
2017-01-03 09:33:10,93310192347000.0,T,PFE,32.66,12.0,32.67,2.0
2017-01-03 09:33:11,93310192347000.0,T,PFE,32.66,12.0,32.67,2.0
2017-01-03 09:33:12,93312880140000.0,T,PFE,32.67,11.0,32.68,5.0
2017-01-03 09:33:13,93313827964000.0,T,PFE,32.67,8.0,32.68,7.0
2017-01-03 09:33:14,93314801306000.0,T,PFE,32.67,3.0,32.68,6.0
2017-01-03 09:33:15,93314801306000.0,T,PFE,32.67,3.0,32.68,6.0
2017-01-03 09:33:16,93316966300000.0,T,PFE,32.67,2.0,32.68,7.0
2017-01-03 09:33:17,93316966300000.0,T,PFE,32.67,2.0,32.68,7.0
2017-01-03 09:33:18,93316966300000.0,T,PFE,32.67,2.0,32.68,7.0
2017-01-03 09:33:19,93319826753000.0,T,PFE,32.66,11.0,32.67,1.0
2017-01-03 09:33:20,93320876054000.0,T,PFE,32.67,4.0,32.68,9.0
2017-01-03 09:33:21,93321539750000.0,T,PFE,32.66,7.0,32.67,6.0
2017-01-03 09:33:22,93322807444000.0,T,PFE,32.66,3.0,32.67,5.0
2017-01-03 09:33:23,93323285277000.0,T,PFE,32.65,5.0,32.66,7.0
2017-01-03 09:33:24,93324943991000.0,T,PFE,32.65,1.0,32.66,6.0
2017-01-03 09:33:25,93324943991000.0,T,PFE,32.65,1.0,32.66,6.0
2017-01-03 09:33:26,93326854643000.0,T,PFE,32.64,1.0,32.65,10.0
2017-01-03 09:33:27,93327637970000.0,T,PFE,32.64,4.0,32.65,7.0
2017-01-03 09:33:28,93328964014000.0,T,PFE,32.64,2.0,32.65,4.0
2017-01-03 09:33:29,93329970557000.0,T,PFE,32.63,33.0,32.65,11.0
2017-01-03 09:33:30,93330600935000.0,T,PFE,32.63,33.0,32.65,11.0
2017-01-03 09:33:31,93331952635000.0,T,PFE,32.64,12.0,32.65,6.0
2017-01-03 09:33:32,93332482430000.0,T,PFE,32.64,16.0,32.65,6.0
2017-01-03 09:33:33,93333224243000.0,T,PFE,32.64,17.0,32.65,6.0
2017-01-03 09:33:34,93333224243000.0,T,PFE,32.64,17.0,32.65,6.0
2017-01-03 09:33:35,93335658624000.0,T,PFE,32.64,17.0,32.65,5.0
2017-01-03 09:33:36,93336976740000.0,T,PFE,32.65,12.0,32.66,4.0
2017-01-03 09:33:37,93336976740000.0,T,PFE,32.65,12.0,32.66,4.0
2017-01-03 09:33:38,93336976740000.0,T,PFE,32.65,12.0,32.66,4.0
2017-01-03 09:33:39,93336976740000.0,T,PFE,32.65,12.0,32.66,4.0
2017-01-03 09:33:40,93340767058000.0,T,PFE,32.65,13.0,32.66,4.0
2017-01-03 09:33:41,93341839874000.0,T,PFE,32.65,9.0,32.66,6.0
2017-01-03 09:33:42,93342039895000.0,T,PFE,32.65,6.0,32.66,6.0
2017-01-03 09:33:43,93343047828000.0,T,PFE,32.64,17.0,32.65,7.0
2017-01-03 09:33:44,93344148742000.0,T,PFE,32.64,16.0,32.65,7.0
2017-01-03 09:33:45,93345646594000.0,T,PFE,32.66,4.0,32.67,8.0
2017-01-03 09:33:46,93345646594000.0,T,PFE,32.66,4.0,32.67,8.0
2017-01-03 09:33:47,93347651684000.0,T,PFE,32.66,5.0,32.67,8.0
2017-01-03 09:33:48,93348549299000.0,T,PFE,32.66,7.0,32.67,8.0
2017-01-03 09:33:49,93349517689000.0,T,PFE,32.66,7.0,32.67,7.0
2017-01-03 09:33:50,93350516854000.0,T,PFE,32.66,9.0,32.67,7.0
2017-01-03 09:33:51,93350516854000.0,T,PFE,32.66,9.0,32.67,7.0
2017-01-03 09:33:52,93352653989000.0,T,PFE,32.66,11.0,32.67,7.0
2017-01-03 09:33:53,93352653989000.0,T,PFE,32.66,11.0,32.67,7.0
2017-01-03 09:33:54,93354079173000.0,T,PFE,32.66,10.0,32.67,7.0
2017-01-03 09:33:55,93355522956000.0,T,PFE,32.67,6.0,32.68,8.0
2017-01-03 09:33:56,93355522956000.0,T,PFE,32.67,6.0,32.68,8.0
2017-01-03 09:33:57,93355522956000.0,T,PFE,32.67,6.0,32.68,8.0
2017-01-03 09:33:58,93358397513000.0,T,PFE,32.67,3.0,32.68,9.0
2017-01-03 09:33:59,93359792833000.0,T,PFE,32.67,7.0,32.68,10.0
2017-01-03 09:34:00,93400801045000.0,T,PFE,32.67,9.0,32.68,10.0
2017-01-03 09:34:01,93401335477000.0,T,PFE,32.67,8.0,32.68,10.0
2017-01-03 09:34:02,93401335477000.0,T,PFE,32.67,8.0,32.68,10.0
2017-01-03 09:34:03,93403393541000.0,T,PFE,32.67,6.0,32.68,13.0
2017-01-03 09:34:04,93404911301000.0,T,PFE,32.66,8.0,32.67,8.0
2017-01-03 09:34:05,93404911301000.0,T,PFE,32.66,8.0,32.67,8.0
2017-01-03 09:34:06,93406357825000.0,T,PFE,32.66,9.0,32.67,8.0
2017-01-03 09:34:07,93407781022000.0,T,PFE,32.66,9.0,32.67,8.0
2017-01-03 09:34:08,93407781022000.0,T,PFE,32.66,9.0,32.67,8.0
2017-01-03 09:34:09,93407781022000.0,T,PFE,32.66,9.0,32.67,8.0
2017-01-03 09:34:10,93410551618000.0,T,PFE,32.66,9.0,32.67,7.0
2017-01-03 09:34:11,93410551618000.0,T,PFE,32.66,9.0,32.67,7.0
2017-01-03 09:34:12,93412929503000.0,T,PFE,32.66,7.0,32.67,7.0
2017-01-03 09:34:13,93413853471000.0,T,PFE,32.66,3.0,32.67,8.0
2017-01-03 09:34:14,93414834729000.0,T,PFE,32.66,4.0,32.67,7.0
2017-01-03 09:34:15,93415493135000.0,T,PFE,32.66,13.0,32.67,6.0
2017-01-03 09:34:16,93416112912000.0,T,PFE,32.66,13.0,32.67,4.0
2017-01-03 09:34:17,93416112912000.0,T,PFE,32.66,13.0,32.67,4.0
2017-01-03 09:34:18,93418911315000.0,T,PFE,32.66,12.0,32.67,4.0
2017-01-03 09:34:19,93419911296000.0,T,PFE,32.66,13.0,32.67,4.0
2017-01-03 09:34:20,93419911296000.0,T,PFE,32.66,13.0,32.67,4.0
2017-01-03 09:34:21,93421843358000.0,T,PFE,32.66,5.0,32.67,3.0
2017-01-03 09:34:22,93421843358000.0,T,PFE,32.66,5.0,32.67,3.0
2017-01-03 09:34:23,93423438990000.0,T,PFE,32.66,4.0,32.67,3.0
2017-01-03 09:34:24,93423438990000.0,T,PFE,32.66,4.0,32.67,3.0
2017-01-03 09:34:25,93423438990000.0,T,PFE,32.66,4.0,32.67,3.0
2017-01-03 09:34:26,93423438990000.0,T,PFE,32.66,4.0,32.67,3.0
2017-01-03 09:34:27,93423438990000.0,T,PFE,32.66,4.0,32.67,3.0
2017-01-03 09:34:28,93428907105000.0,T,PFE,32.66,2.0,32.67,11.0
2017-01-03 09:34:29,93428907105000.0,T,PFE,32.66,2.0,32.67,11.0
2017-01-03 09:34:30,93428907105000.0,T,PFE,32.66,2.0,32.67,11.0
2017-01-03 09:34:31,93431829190000.0,T,PFE,32.66,10.0,32.67,3.0
2017-01-03 09:34:32,93431829190000.0,T,PFE,32.66,10.0,32.67,3.0
2017-01-03 09:34:33,93431829190000.0,T,PFE,32.66,10.0,32.67,3.0
2017-01-03 09:34:34,93434255471000.0,T,PFE,32.66,5.0,32.67,3.0
2017-01-03 09:34:35,93434255471000.0,T,PFE,32.66,5.0,32.67,3.0
2017-01-03 09:34:36,93434255471000.0,T,PFE,32.66,5.0,32.67,3.0
2017-01-03 09:34:37,93434255471000.0,T,PFE,32.66,5.0,32.67,3.0
2017-01-03 09:34:38,93438913677000.0,T,PFE,32.66,6.0,32.67,3.0
2017-01-03 09:34:39,93438913677000.0,T,PFE,32.66,6.0,32.67,3.0
2017-01-03 09:34:40,93440614661000.0,T,PFE,32.66,11.0,32.67,4.0
2017-01-03 09:34:41,93441704774000.0,T,PFE,32.66,5.0,32.67,4.0
2017-01-03 09:34:42,93441704774000.0,T,PFE,32.66,5.0,32.67,4.0
2017-01-03 09:34:43,93443111991000.0,T,PFE,32.66,5.0,32.67,5.0
2017-01-03 09:34:44,93444631765000.0,T,PFE,32.66,6.0,32.67,6.0
2017-01-03 09:34:45,93445004287000.0,T,PFE,32.66,5.0,32.67,6.0
2017-01-03 09:34:46,93445004287000.0,T,PFE,32.66,5.0,32.67,6.0
2017-01-03 09:34:47,93447805000000.0,T,PFE,32.67,11.0,32.68,8.0
2017-01-03 09:34:48,93447805000000.0,T,PFE,32.67,11.0,32.68,8.0
2017-01-03 09:34:49,93449888715000.0,T,PFE,32.66,9.0,32.67,2.0
2017-01-03 09:34:50,93450335385000.0,T,PFE,32.66,6.0,32.67,4.0
2017-01-03 09:34:51,93451911302000.0,T,PFE,32.66,6.0,32.67,5.0
2017-01-03 09:34:52,93452464643000.0,T,PFE,32.66,4.0,32.67,4.0
2017-01-03 09:34:53,93453411309000.0,T,PFE,32.66,2.0,32.67,4.0
2017-01-03 09:34:54,93454154823000.0,T,PFE,32.66,4.0,32.67,4.0
2017-01-03 09:34:55,93454154823000.0,T,PFE,32.66,4.0,32.67,4.0
2017-01-03 09:34:56,93454154823000.0,T,PFE,32.66,4.0,32.67,4.0
2017-01-03 09:34:57,93454154823000.0,T,PFE,32.66,4.0,32.67,4.0
2017-01-03 09:34:58,93458749758000.0,T,PFE,32.65,9.0,32.66,5.0
2017-01-03 09:34:59,93459277730000.0,T,PFE,32.65,10.0,32.66,5.0
2017-01-03 09:35:00,93500773967000.0,T,PFE,32.66,6.0,32.67,6.0
2017-01-03 09:35:01,93501746360000.0,T,PFE,32.66,9.0,32.67,4.0
2017-01-03 09:35:02,93502594899000.0,T,PFE,32.66,6.0,32.67,5.0
2017-01-03 09:35:03,93503596971000.0,T,PFE,32.66,7.0,32.67,4.0
2017-01-03 09:35:04,93504986288000.0,T,PFE,32.67,33.0,32.68,14.0
2017-01-03 09:35:05,93505820135000.0,T,PFE,32.67,33.0,32.68,14.0
2017-01-03 09:35:06,93506987638000.0,T,PFE,32.67,33.0,32.68,11.0
2017-01-03 09:35:07,93506987638000.0,T,PFE,32.67,33.0,32.68,11.0
2017-01-03 09:35:08,93508842227000.0,T,PFE,32.67,33.0,32.68,14.0
2017-01-03 09:35:09,93508842227000.0,T,PFE,32.67,33.0,32.68,14.0
2017-01-03 09:35:10,93508842227000.0,T,PFE,32.67,33.0,32.68,14.0
2017-01-03 09:35:11,93508842227000.0,T,PFE,32.67,33.0,32.68,14.0
2017-01-03 09:35:12,93512946788000.0,T,PFE,32.67,31.0,32.68,14.0
2017-01-03 09:35:13,93513696180000.0,T,PFE,32.67,30.0,32.68,14.0
2017-01-03 09:35:14,93514879676000.0,T,PFE,32.67,30.0,32.68,14.0
2017-01-03 09:35:15,93515988009000.0,T,PFE,32.67,34.0,32.68,14.0
2017-01-03 09:35:16,93515988009000.0,T,PFE,32.67,34.0,32.68,14.0
2017-01-03 09:35:17,93515988009000.0,T,PFE,32.67,34.0,32.68,14.0
2017-01-03 09:35:18,93518162560000.0,T,PFE,32.67,35.0,32.68,14.0
2017-01-03 09:35:19,93519785031000.0,T,PFE,32.67,3.0,32.68,13.0
2017-01-03 09:35:20,93520842655000.0,T,PFE,32.67,2.0,32.68,13.0
2017-01-03 09:35:21,93521870075000.0,T,PFE,32.67,19.0,32.68,21.0
2017-01-03 09:35:22,93521870075000.0,T,PFE,32.67,19.0,32.68,21.0
2017-01-03 09:35:23,93521870075000.0,T,PFE,32.67,19.0,32.68,21.0
2017-01-03 09:35:24,93524153369000.0,T,PFE,32.67,13.0,32.68,23.0
2017-01-03 09:35:25,93525991477000.0,T,PFE,32.67,14.0,32.68,23.0
2017-01-03 09:35:26,93526162128000.0,T,PFE,32.67,14.0,32.68,15.0
2017-01-03 09:35:27,93527925644000.0,T,PFE,32.68,12.0,32.69,5.0
2017-01-03 09:35:28,93528151476000.0,T,PFE,32.68,11.0,32.69,5.0
2017-01-03 09:35:29,93528151476000.0,T,PFE,32.68,11.0,32.69,5.0
2017-01-03 09:35:30,93528151476000.0,T,PFE,32.68,11.0,32.69,5.0
2017-01-03 09:35:31,93531161331000.0,T,PFE,32.67,18.0,32.68,8.0
2017-01-03 09:35:32,93532203824000.0,T,PFE,32.67,20.0,32.68,6.0
2017-01-03 09:35:33,93533997895000.0,T,PFE,32.67,20.0,32.68,4.0
2017-01-03 09:35:34,93534651750000.0,T,PFE,32.67,18.0,32.68,4.0
2017-01-03 09:35:35,93535649236000.0,T,PFE,32.67,24.0,32.68,5.0
2017-01-03 09:35:36,93536895051000.0,T,PFE,32.68,12.0,32.69,6.0
2017-01-03 09:35:37,93536895051000.0,T,PFE,32.68,12.0,32.69,6.0
2017-01-03 09:35:38,93538570764000.0,T,PFE,32.68,14.0,32.69,6.0
2017-01-03 09:35:39,93539429843000.0,T,PFE,32.68,7.0,32.69,8.0
2017-01-03 09:35:40,93540927869000.0,T,PFE,32.68,8.0,32.69,15.0
2017-01-03 09:35:41,93541113930000.0,T,PFE,32.68,12.0,32.69,13.0
2017-01-03 09:35:42,93541113930000.0,T,PFE,32.68,12.0,32.69,13.0
2017-01-03 09:35:43,93543532164000.0,T,PFE,32.68,12.0,32.69,6.0
2017-01-03 09:35:44,93543532164000.0,T,PFE,32.68,12.0,32.69,6.0
2017-01-03 09:35:45,93543532164000.0,T,PFE,32.68,12.0,32.69,6.0
2017-01-03 09:35:46,93546050130000.0,T,PFE,32.68,12.0,32.69,7.0
2017-01-03 09:35:47,93546050130000.0,T,PFE,32.68,12.0,32.69,7.0
2017-01-03 09:35:48,93546050130000.0,T,PFE,32.68,12.0,32.69,7.0
2017-01-03 09:35:49,93546050130000.0,T,PFE,32.68,12.0,32.69,7.0
2017-01-03 09:35:50,93550820083000.0,T,PFE,32.68,10.0,32.69,10.0
2017-01-03 09:35:51,93551951880000.0,T,PFE,32.68,9.0,32.69,10.0
2017-01-03 09:35:52,93552770440000.0,T,PFE,32.67,3.0,32.68,14.0
2017-01-03 09:35:53,93553662330000.0,T,PFE,32.66,14.0,32.68,13.0
2017-01-03 09:35:54,93554661333000.0,T,PFE,32.66,9.0,32.67,13.0
2017-01-03 09:35:55,93555715943000.0,T,PFE,32.66,8.0,32.67,14.0
2017-01-03 09:35:56,93556855450000.0,T,PFE,32.66,5.0,32.67,18.0
2017-01-03 09:35:57,93557911314000.0,T,PFE,32.65,12.0,32.66,4.0
2017-01-03 09:35:58,93558670046000.0,T,PFE,32.66,11.0,32.67,18.0
2017-01-03 09:35:59,93559174968000.0,T,PFE,32.66,10.0,32.67,17.0
2017-01-03 09:36:00,93600157999000.0,T,PFE,32.66,8.0,32.67,20.0
2017-01-03 09:36:01,93601161165000.0,T,PFE,32.66,9.0,32.67,20.0
2017-01-03 09:36:02,93602949829000.0,T,PFE,32.65,8.0,32.66,4.0
2017-01-03 09:36:03,93603249025000.0,T,PFE,32.66,11.0,32.67,11.0
2017-01-03 09:36:04,93603249025000.0,T,PFE,32.66,11.0,32.67,11.0
2017-01-03 09:36:05,93605940839000.0,T,PFE,32.67,12.0,32.68,8.0
2017-01-03 09:36:06,93605940839000.0,T,PFE,32.67,12.0,32.68,8.0
2017-01-03 09:36:07,93607882356000.0,T,PFE,32.68,13.0,32.69,4.0
2017-01-03 09:36:08,93607882356000.0,T,PFE,32.68,13.0,32.69,4.0
2017-01-03 09:36:09,93607882356000.0,T,PFE,32.68,13.0,32.69,4.0
2017-01-03 09:36:10,93610125166000.0,T,PFE,32.68,11.0,32.69,4.0
2017-01-03 09:36:11,93611889900000.0,T,PFE,32.68,13.0,32.69,5.0
2017-01-03 09:36:12,93611889900000.0,T,PFE,32.68,13.0,32.69,5.0
2017-01-03 09:36:13,93611889900000.0,T,PFE,32.68,13.0,32.69,5.0
2017-01-03 09:36:14,93614726960000.0,T,PFE,32.68,13.0,32.69,5.0
2017-01-03 09:36:15,93615068627000.0,T,PFE,32.68,13.0,32.69,6.0
2017-01-03 09:36:16,93616911330000.0,T,PFE,32.67,10.0,32.68,5.0
2017-01-03 09:36:17,93617827326000.0,T,PFE,32.67,7.0,32.68,7.0
2017-01-03 09:36:18,93617827326000.0,T,PFE,32.67,7.0,32.68,7.0
2017-01-03 09:36:19,93617827326000.0,T,PFE,32.67,7.0,32.68,7.0
2017-01-03 09:36:20,93620910723000.0,T,PFE,32.67,7.0,32.68,5.0
2017-01-03 09:36:21,93621926928000.0,T,PFE,32.67,2.0,32.68,9.0
2017-01-03 09:36:22,93621926928000.0,T,PFE,32.67,2.0,32.68,9.0
2017-01-03 09:36:23,93621926928000.0,T,PFE,32.67,2.0,32.68,9.0
2017-01-03 09:36:24,93624719113000.0,T,PFE,32.67,5.0,32.68,9.0
2017-01-03 09:36:25,93625855975000.0,T,PFE,32.67,6.0,32.68,9.0
2017-01-03 09:36:26,93626661327000.0,T,PFE,32.66,14.0,32.67,6.0
2017-01-03 09:36:27,93626661327000.0,T,PFE,32.66,14.0,32.67,6.0
2017-01-03 09:36:28,93628999237000.0,T,PFE,32.67,8.0,32.68,15.0
2017-01-03 09:36:29,93628999237000.0,T,PFE,32.67,8.0,32.68,15.0
2017-01-03 09:36:30,93628999237000.0,T,PFE,32.67,8.0,32.68,15.0
2017-01-03 09:36:31,93631204809000.0,T,PFE,32.67,3.0,32.68,15.0
2017-01-03 09:36:32,93632417572000.0,T,PFE,32.67,5.0,32.68,8.0
2017-01-03 09:36:33,93632417572000.0,T,PFE,32.67,5.0,32.68,8.0
2017-01-03 09:36:34,93632417572000.0,T,PFE,32.67,5.0,32.68,8.0
2017-01-03 09:36:35,93632417572000.0,T,PFE,32.67,5.0,32.68,8.0
2017-01-03 09:36:36,93636973004000.0,T,PFE,32.67,8.0,32.68,8.0
2017-01-03 09:36:37,93637753625000.0,T,PFE,32.67,8.0,32.68,4.0
2017-01-03 09:36:38,93638943289000.0,T,PFE,32.67,11.0,32.68,4.0
2017-01-03 09:36:39,93639801327000.0,T,PFE,32.7,16.0,32.71,8.0
2017-01-03 09:36:40,93640844203000.0,T,PFE,32.7,21.0,32.71,1.0
2017-01-03 09:36:41,93641684301000.0,T,PFE,32.71,6.0,32.72,5.0
2017-01-03 09:36:42,93642887729000.0,T,PFE,32.71,4.0,32.72,7.0
2017-01-03 09:36:43,93642887729000.0,T,PFE,32.71,4.0,32.72,7.0
2017-01-03 09:36:44,93642887729000.0,T,PFE,32.71,4.0,32.72,7.0
2017-01-03 09:36:45,93645916711000.0,T,PFE,32.71,4.0,32.72,8.0
2017-01-03 09:36:46,93646831092000.0,T,PFE,32.71,6.0,32.72,6.0
2017-01-03 09:36:47,93646831092000.0,T,PFE,32.71,6.0,32.72,6.0
2017-01-03 09:36:48,93648911292000.0,T,PFE,32.7,24.0,32.71,2.0
2017-01-03 09:36:49,93649972113000.0,T,PFE,32.71,10.0,32.72,2.0
2017-01-03 09:36:50,93650976842000.0,T,PFE,32.71,10.0,32.72,1.0
2017-01-03 09:36:51,93651874451000.0,T,PFE,32.71,13.0,32.73,11.0
2017-01-03 09:36:52,93652763542000.0,T,PFE,32.71,13.0,32.73,11.0
2017-01-03 09:36:53,93653369757000.0,T,PFE,32.71,6.0,32.72,6.0
2017-01-03 09:36:54,93654314686000.0,T,PFE,32.71,6.0,32.72,6.0
2017-01-03 09:36:55,93654314686000.0,T,PFE,32.71,6.0,32.72,6.0
2017-01-03 09:36:56,93656271886000.0,T,PFE,32.71,6.0,32.72,5.0
2017-01-03 09:36:57,93656271886000.0,T,PFE,32.71,6.0,32.72,5.0
2017-01-03 09:36:58,93658179137000.0,T,PFE,32.71,6.0,32.72,5.0
2017-01-03 09:36:59,93659457880000.0,T,PFE,32.71,6.0,32.72,3.0
2017-01-03 09:37:00,93700263825000.0,T,PFE,32.71,8.0,32.72,3.0
2017-01-03 09:37:01,93701925317000.0,T,PFE,32.71,5.0,32.72,4.0
2017-01-03 09:37:02,93702484182000.0,T,PFE,32.71,5.0,32.72,6.0
2017-01-03 09:37:03,93702484182000.0,T,PFE,32.71,5.0,32.72,6.0
2017-01-03 09:37:04,93702484182000.0,T,PFE,32.71,5.0,32.72,6.0
2017-01-03 09:37:05,93705455952000.0,T,PFE,32.71,5.0,32.72,14.0
2017-01-03 09:37:06,93706525534000.0,T,PFE,32.7,13.0,32.71,6.0
2017-01-03 09:37:07,93706525534000.0,T,PFE,32.7,13.0,32.71,6.0
2017-01-03 09:37:08,93708842024000.0,T,PFE,32.71,8.0,32.72,4.0
2017-01-03 09:37:09,93709709011000.0,T,PFE,32.71,8.0,32.72,1.0
2017-01-03 09:37:10,93710700008000.0,T,PFE,32.71,18.0,32.73,11.0
2017-01-03 09:37:11,93711367470000.0,T,PFE,32.71,17.0,32.73,10.0
2017-01-03 09:37:12,93712711952000.0,T,PFE,32.72,15.0,32.73,3.0
2017-01-03 09:37:13,93713991721000.0,T,PFE,32.71,5.0,32.72,8.0
2017-01-03 09:37:14,93714071796000.0,T,PFE,32.71,5.0,32.72,7.0
2017-01-03 09:37:15,93715034364000.0,T,PFE,32.71,6.0,32.72,7.0
2017-01-03 09:37:16,93715034364000.0,T,PFE,32.71,6.0,32.72,7.0
2017-01-03 09:37:17,93717078871000.0,T,PFE,32.71,6.0,32.72,4.0
2017-01-03 09:37:18,93718979229000.0,T,PFE,32.71,12.0,32.72,6.0
2017-01-03 09:37:19,93719840556000.0,T,PFE,32.74,6.0,32.75,16.0
2017-01-03 09:37:20,93720728999000.0,T,PFE,32.74,7.0,32.75,7.0
2017-01-03 09:37:21,93720728999000.0,T,PFE,32.74,7.0,32.75,7.0
2017-01-03 09:37:22,93722963599000.0,T,PFE,32.74,9.0,32.75,3.0
2017-01-03 09:37:23,93723196153000.0,T,PFE,32.74,8.0,32.75,3.0
2017-01-03 09:37:24,93724743536000.0,T,PFE,32.74,9.0,32.75,6.0
2017-01-03 09:37:25,93725438836000.0,T,PFE,32.74,7.0,32.75,6.0
2017-01-03 09:37:26,93726906122000.0,T,PFE,32.74,7.0,32.75,4.0
2017-01-03 09:37:27,93727968951000.0,T,PFE,32.73,13.0,32.74,3.0
2017-01-03 09:37:28,93728781515000.0,T,PFE,32.73,13.0,32.74,3.0
2017-01-03 09:37:29,93729623323000.0,T,PFE,32.73,15.0,32.75,15.0
2017-01-03 09:37:30,93730766224000.0,T,PFE,32.73,15.0,32.75,13.0
2017-01-03 09:37:31,93731648745000.0,T,PFE,32.73,8.0,32.74,4.0
2017-01-03 09:37:32,93732643312000.0,T,PFE,32.73,11.0,32.74,4.0
2017-01-03 09:37:33,93733632794000.0,T,PFE,32.73,11.0,32.75,11.0
2017-01-03 09:37:34,93734840789000.0,T,PFE,32.73,16.0,32.75,12.0
2017-01-03 09:37:35,93735350106000.0,T,PFE,32.73,12.0,32.75,12.0
2017-01-03 09:37:36,93736963559000.0,T,PFE,32.73,12.0,32.74,4.0
2017-01-03 09:37:37,93736963559000.0,T,PFE,32.73,12.0,32.74,4.0
2017-01-03 09:37:38,93738398340000.0,T,PFE,32.74,7.0,32.75,6.0
2017-01-03 09:37:39,93739073681000.0,T,PFE,32.74,6.0,32.75,6.0
2017-01-03 09:37:40,93740454768000.0,T,PFE,32.74,3.0,32.75,7.0
2017-01-03 09:37:41,93741569886000.0,T,PFE,32.73,9.0,32.74,7.0
2017-01-03 09:37:42,93742892195000.0,T,PFE,32.73,9.0,32.74,4.0
2017-01-03 09:37:43,93743719346000.0,T,PFE,32.73,9.0,32.74,5.0
2017-01-03 09:37:44,93744661293000.0,T,PFE,32.72,9.0,32.73,12.0
2017-01-03 09:37:45,93744661293000.0,T,PFE,32.72,9.0,32.73,12.0
2017-01-03 09:37:46,93746605255000.0,T,PFE,32.72,4.0,32.73,12.0
2017-01-03 09:37:47,93747966380000.0,T,PFE,32.72,3.0,32.73,11.0
2017-01-03 09:37:48,93747966380000.0,T,PFE,32.72,3.0,32.73,11.0
2017-01-03 09:37:49,93749411276000.0,T,PFE,32.71,7.0,32.72,6.0
2017-01-03 09:37:50,93750356102000.0,T,PFE,32.71,8.0,32.72,6.0
2017-01-03 09:37:51,93750356102000.0,T,PFE,32.71,8.0,32.72,6.0
2017-01-03 09:37:52,93752161698000.0,T,PFE,32.71,6.0,32.72,6.0
2017-01-03 09:37:53,93753483879000.0,T,PFE,32.71,6.0,32.72,17.0
2017-01-03 09:37:54,93753483879000.0,T,PFE,32.71,6.0,32.72,17.0
2017-01-03 09:37:55,93753483879000.0,T,PFE,32.71,6.0,32.72,17.0
2017-01-03 09:37:56,93753483879000.0,T,PFE,32.71,6.0,32.72,17.0
2017-01-03 09:37:57,93753483879000.0,T,PFE,32.71,6.0,32.72,17.0
2017-01-03 09:37:58,93758280165000.0,T,PFE,32.71,6.0,32.72,20.0
2017-01-03 09:37:59,93758280165000.0,T,PFE,32.71,6.0,32.72,20.0
2017-01-03 09:38:00,93800772211000.0,T,PFE,32.71,7.0,32.72,12.0
2017-01-03 09:38:01,93801835761000.0,T,PFE,32.71,7.0,32.72,15.0
2017-01-03 09:38:02,93802411344000.0,T,PFE,32.71,6.0,32.72,15.0
2017-01-03 09:38:03,93803750888000.0,T,PFE,32.7,7.0,32.71,11.0
2017-01-03 09:38:04,93804767962000.0,T,PFE,32.7,8.0,32.71,6.0
2017-01-03 09:38:05,93804767962000.0,T,PFE,32.7,8.0,32.71,6.0
2017-01-03 09:38:06,93806726008000.0,T,PFE,32.7,8.0,32.71,8.0
2017-01-03 09:38:07,93806726008000.0,T,PFE,32.7,8.0,32.71,8.0
2017-01-03 09:38:08,93806726008000.0,T,PFE,32.7,8.0,32.71,8.0
2017-01-03 09:38:09,93809965689000.0,T,PFE,32.71,10.0,32.72,9.0
2017-01-03 09:38:10,93809965689000.0,T,PFE,32.71,10.0,32.72,9.0
2017-01-03 09:38:11,93811747993000.0,T,PFE,32.71,10.0,32.72,10.0
2017-01-03 09:38:12,93812918011000.0,T,PFE,32.71,11.0,32.72,10.0
2017-01-03 09:38:13,93813403773000.0,T,PFE,32.71,14.0,32.72,8.0
2017-01-03 09:38:14,93814631720000.0,T,PFE,32.71,19.0,32.72,4.0
2017-01-03 09:38:15,93815709549000.0,T,PFE,32.7,11.0,32.71,4.0
2017-01-03 09:38:16,93816779617000.0,T,PFE,32.7,8.0,32.71,4.0
2017-01-03 09:38:17,93816779617000.0,T,PFE,32.7,8.0,32.71,4.0
2017-01-03 09:38:18,93818773537000.0,T,PFE,32.7,8.0,32.71,8.0
2017-01-03 09:38:19,93819842752000.0,T,PFE,32.7,1.0,32.71,10.0
2017-01-03 09:38:20,93820651235000.0,T,PFE,32.69,13.0,32.7,5.0
2017-01-03 09:38:21,93821911363000.0,T,PFE,32.69,12.0,32.7,7.0
2017-01-03 09:38:22,93822759364000.0,T,PFE,32.69,11.0,32.7,7.0
2017-01-03 09:38:23,93822759364000.0,T,PFE,32.69,11.0,32.7,7.0
2017-01-03 09:38:24,93824570089000.0,T,PFE,32.69,16.0,32.7,7.0
2017-01-03 09:38:25,93824570089000.0,T,PFE,32.69,16.0,32.7,7.0
2017-01-03 09:38:26,93826966070000.0,T,PFE,32.69,9.0,32.7,7.0
2017-01-03 09:38:27,93826966070000.0,T,PFE,32.69,9.0,32.7,7.0
2017-01-03 09:38:28,93826966070000.0,T,PFE,32.69,9.0,32.7,7.0
2017-01-03 09:38:29,93826966070000.0,T,PFE,32.69,9.0,32.7,7.0
2017-01-03 09:38:30,93826966070000.0,T,PFE,32.69,9.0,32.7,7.0
2017-01-03 09:38:31,93831231658000.0,T,PFE,32.69,8.0,32.7,7.0
2017-01-03 09:38:32,93831231658000.0,T,PFE,32.69,8.0,32.7,7.0
2017-01-03 09:38:33,93833482743000.0,T,PFE,32.69,6.0,32.7,7.0
2017-01-03 09:38:34,93834838885000.0,T,PFE,32.68,8.0,32.69,4.0
2017-01-03 09:38:35,93835842199000.0,T,PFE,32.68,2.0,32.69,9.0
2017-01-03 09:38:36,93836751948000.0,T,PFE,32.68,2.0,32.69,7.0
2017-01-03 09:38:37,93837615393000.0,T,PFE,32.68,4.0,32.69,7.0
2017-01-03 09:38:38,93838945027000.0,T,PFE,32.7,8.0,32.71,11.0
2017-01-03 09:38:39,93839729234000.0,T,PFE,32.7,12.0,32.71,6.0
2017-01-03 09:38:40,93840868291000.0,T,PFE,32.71,14.0,32.72,3.0
2017-01-03 09:38:41,93841889705000.0,T,PFE,32.7,12.0,32.71,4.0
2017-01-03 09:38:42,93842989177000.0,T,PFE,32.68,5.0,32.69,6.0
2017-01-03 09:38:43,93843913170000.0,T,PFE,32.67,5.0,32.68,5.0
2017-01-03 09:38:44,93844286680000.0,T,PFE,32.68,2.0,32.69,19.0
2017-01-03 09:38:45,93844286680000.0,T,PFE,32.68,2.0,32.69,19.0
2017-01-03 09:38:46,93846956458000.0,T,PFE,32.68,4.0,32.69,19.0
2017-01-03 09:38:47,93847133149000.0,T,PFE,32.68,4.0,32.69,17.0
2017-01-03 09:38:48,93848225878000.0,T,PFE,32.68,7.0,32.69,17.0
2017-01-03 09:38:49,93849882538000.0,T,PFE,32.69,15.0,32.7,6.0
2017-01-03 09:38:50,93850234171000.0,T,PFE,32.69,15.0,32.7,7.0
2017-01-03 09:38:51,93851926907000.0,T,PFE,32.69,4.0,32.7,7.0
2017-01-03 09:38:52,93852830666000.0,T,PFE,32.7,8.0,32.71,8.0
2017-01-03 09:38:53,93853529007000.0,T,PFE,32.69,5.0,32.7,10.0
2017-01-03 09:38:54,93854690632000.0,T,PFE,32.69,3.0,32.7,12.0
2017-01-03 09:38:55,93854690632000.0,T,PFE,32.69,3.0,32.7,12.0
2017-01-03 09:38:56,93854690632000.0,T,PFE,32.69,3.0,32.7,12.0
2017-01-03 09:38:57,93857001156000.0,T,PFE,32.69,3.0,32.7,10.0
2017-01-03 09:38:58,93857001156000.0,T,PFE,32.69,3.0,32.7,10.0
2017-01-03 09:38:59,93857001156000.0,T,PFE,32.69,3.0,32.7,10.0
2017-01-03 09:39:00,93900523444000.0,T,PFE,32.69,3.0,32.7,13.0
2017-01-03 09:39:01,93900523444000.0,T,PFE,32.69,3.0,32.7,13.0
2017-01-03 09:39:02,93902762545000.0,T,PFE,32.68,11.0,32.69,9.0
2017-01-03 09:39:03,93903999919000.0,T,PFE,32.68,6.0,32.69,9.0
2017-01-03 09:39:04,93904949822000.0,T,PFE,32.68,5.0,32.69,11.0
2017-01-03 09:39:05,93905585249000.0,T,PFE,32.68,5.0,32.69,11.0
2017-01-03 09:39:06,93905585249000.0,T,PFE,32.68,5.0,32.69,11.0
2017-01-03 09:39:07,93907250438000.0,T,PFE,32.68,5.0,32.69,9.0
2017-01-03 09:39:08,93907250438000.0,T,PFE,32.68,5.0,32.69,9.0
2017-01-03 09:39:09,93907250438000.0,T,PFE,32.68,5.0,32.69,9.0
2017-01-03 09:39:10,93910865091000.0,T,PFE,32.67,5.0,32.68,8.0
2017-01-03 09:39:11,93911973044000.0,T,PFE,32.67,3.0,32.68,11.0
2017-01-03 09:39:12,93912668629000.0,T,PFE,32.67,1.0,32.68,11.0
2017-01-03 09:39:13,93912668629000.0,T,PFE,32.67,1.0,32.68,11.0
2017-01-03 09:39:14,93914858821000.0,T,PFE,32.67,7.0,32.68,8.0
2017-01-03 09:39:15,93915182164000.0,T,PFE,32.67,5.0,32.68,7.0
2017-01-03 09:39:16,93916094903000.0,T,PFE,32.67,14.0,32.68,6.0
2017-01-03 09:39:17,93917922983000.0,T,PFE,32.69,2.0,32.7,9.0
2017-01-03 09:39:18,93918953079000.0,T,PFE,32.68,11.0,32.69,10.0
2017-01-03 09:39:19,93919161361000.0,T,PFE,32.68,11.0,32.69,6.0
2017-01-03 09:39:20,93920318285000.0,T,PFE,32.68,11.0,32.69,7.0
2017-01-03 09:39:21,93921979184000.0,T,PFE,32.68,8.0,32.69,7.0
2017-01-03 09:39:22,93922166666000.0,T,PFE,32.68,2.0,32.69,7.0
2017-01-03 09:39:23,93923499693000.0,T,PFE,32.67,17.0,32.69,11.0
2017-01-03 09:39:24,93924911372000.0,T,PFE,32.67,5.0,32.68,10.0
2017-01-03 09:39:25,93925336113000.0,T,PFE,32.67,8.0,32.68,8.0
2017-01-03 09:39:26,93926511851000.0,T,PFE,32.67,8.0,32.68,6.0
2017-01-03 09:39:27,93927403945000.0,T,PFE,32.67,6.0,32.68,6.0
2017-01-03 09:39:28,93928966378000.0,T,PFE,32.66,8.0,32.67,8.0
2017-01-03 09:39:29,93929048792000.0,T,PFE,32.66,8.0,32.67,5.0
2017-01-03 09:39:30,93930891516000.0,T,PFE,32.66,11.0,32.67,3.0
2017-01-03 09:39:31,93930891516000.0,T,PFE,32.66,11.0,32.67,3.0
2017-01-03 09:39:32,93932015810000.0,T,PFE,32.66,11.0,32.67,3.0
2017-01-03 09:39:33,93933115757000.0,T,PFE,32.66,16.0,32.67,4.0
2017-01-03 09:39:34,93934945554000.0,T,PFE,32.66,14.0,32.67,3.0
2017-01-03 09:39:35,93935690683000.0,T,PFE,32.69,5.0,32.7,8.0
2017-01-03 09:39:36,93936001429000.0,T,PFE,32.69,5.0,32.7,8.0
2017-01-03 09:39:37,93937157537000.0,T,PFE,32.69,2.0,32.7,8.0
2017-01-03 09:39:38,93938988548000.0,T,PFE,32.68,7.0,32.69,8.0
2017-01-03 09:39:39,93939985951000.0,T,PFE,32.68,7.0,32.69,11.0
2017-01-03 09:39:40,93940634881000.0,T,PFE,32.68,2.0,32.69,11.0
2017-01-03 09:39:41,93941781340000.0,T,PFE,32.67,10.0,32.68,7.0
2017-01-03 09:39:42,93942744086000.0,T,PFE,32.67,11.0,32.68,5.0
2017-01-03 09:39:43,93943078754000.0,T,PFE,32.67,7.0,32.68,6.0
2017-01-03 09:39:44,93943078754000.0,T,PFE,32.67,7.0,32.68,6.0
2017-01-03 09:39:45,93945099737000.0,T,PFE,32.67,7.0,32.68,4.0
2017-01-03 09:39:46,93946592855000.0,T,PFE,32.67,11.0,32.68,3.0
2017-01-03 09:39:47,93947969799000.0,T,PFE,32.68,6.0,32.69,6.0
2017-01-03 09:39:48,93948129440000.0,T,PFE,32.68,6.0,32.69,4.0
2017-01-03 09:39:49,93949893928000.0,T,PFE,32.69,6.0,32.7,7.0
2017-01-03 09:39:50,93950999739000.0,T,PFE,32.69,2.0,32.7,7.0
2017-01-03 09:39:51,93950999739000.0,T,PFE,32.69,2.0,32.7,7.0
2017-01-03 09:39:52,93952526306000.0,T,PFE,32.69,2.0,32.7,10.0
2017-01-03 09:39:53,93952526306000.0,T,PFE,32.69,2.0,32.7,10.0
2017-01-03 09:39:54,93954649203000.0,T,PFE,32.68,10.0,32.69,9.0
2017-01-03 09:39:55,93955943380000.0,T,PFE,32.67,15.0,32.68,8.0
2017-01-03 09:39:56,93956183620000.0,T,PFE,32.68,8.0,32.69,3.0
2017-01-03 09:39:57,93957772052000.0,T,PFE,32.68,11.0,32.69,5.0
2017-01-03 09:39:58,93957772052000.0,T,PFE,32.68,11.0,32.69,5.0
2017-01-03 09:39:59,93957772052000.0,T,PFE,32.68,11.0,32.69,5.0
2017-01-03 09:40:00,94000146502000.0,T,PFE,32.68,5.0,32.69,9.0
2017-01-03 09:40:01,94000146502000.0,T,PFE,32.68,5.0,32.69,9.0
2017-01-03 09:40:02,94000146502000.0,T,PFE,32.68,5.0,32.69,9.0
2017-01-03 09:40:03,94003568061000.0,T,PFE,32.69,4.0,32.7,7.0
2017-01-03 09:40:04,94004780592000.0,T,PFE,32.69,9.0,32.7,9.0
2017-01-03 09:40:05,94004780592000.0,T,PFE,32.69,9.0,32.7,9.0
2017-01-03 09:40:06,94006154062000.0,T,PFE,32.69,3.0,32.7,13.0
2017-01-03 09:40:07,94007982246000.0,T,PFE,32.69,17.0,32.7,11.0
2017-01-03 09:40:08,94008002306000.0,T,PFE,32.69,22.0,32.7,10.0
2017-01-03 09:40:09,94009943792000.0,T,PFE,32.69,3.0,32.7,13.0
2017-01-03 09:40:10,94009943792000.0,T,PFE,32.69,3.0,32.7,13.0
2017-01-03 09:40:11,94011482094000.0,T,PFE,32.69,3.0,32.7,14.0
2017-01-03 09:40:12,94011482094000.0,T,PFE,32.69,3.0,32.7,14.0
2017-01-03 09:40:13,94013957993000.0,T,PFE,32.67,9.0,32.68,11.0
2017-01-03 09:40:14,94014314187000.0,T,PFE,32.67,9.0,32.68,11.0
2017-01-03 09:40:15,94015055876000.0,T,PFE,32.67,10.0,32.68,11.0
2017-01-03 09:40:16,94016660194000.0,T,PFE,32.67,8.0,32.68,11.0
2017-01-03 09:40:17,94017908412000.0,T,PFE,32.67,4.0,32.68,13.0
2017-01-03 09:40:18,94018471178000.0,T,PFE,32.66,8.0,32.67,6.0
2017-01-03 09:40:19,94019810036000.0,T,PFE,32.66,9.0,32.67,7.0
2017-01-03 09:40:20,94019810036000.0,T,PFE,32.66,9.0,32.67,7.0
2017-01-03 09:40:21,94021568797000.0,T,PFE,32.66,9.0,32.67,4.0
2017-01-03 09:40:22,94022199355000.0,T,PFE,32.66,7.0,32.67,7.0
2017-01-03 09:40:23,94023779593000.0,T,PFE,32.67,7.0,32.68,12.0
2017-01-03 09:40:24,94024798334000.0,T,PFE,32.67,7.0,32.68,7.0
2017-01-03 09:40:25,94024798334000.0,T,PFE,32.67,7.0,32.68,7.0
2017-01-03 09:40:26,94024798334000.0,T,PFE,32.67,7.0,32.68,7.0
2017-01-03 09:40:27,94027062097000.0,T,PFE,32.68,8.0,32.69,18.0
2017-01-03 09:40:28,94028221324000.0,T,PFE,32.68,14.0,32.69,18.0
2017-01-03 09:40:29,94028221324000.0,T,PFE,32.68,14.0,32.69,18.0
2017-01-03 09:40:30,94030848793000.0,T,PFE,32.68,4.0,32.69,19.0
2017-01-03 09:40:31,94031570912000.0,T,PFE,32.68,12.0,32.69,19.0
2017-01-03 09:40:32,94032869065000.0,T,PFE,32.68,9.0,32.69,19.0
2017-01-03 09:40:33,94032869065000.0,T,PFE,32.68,9.0,32.69,19.0
2017-01-03 09:40:34,94034956987000.0,T,PFE,32.68,1.0,32.69,22.0
2017-01-03 09:40:35,94034956987000.0,T,PFE,32.68,1.0,32.69,22.0
2017-01-03 09:40:36,94036560669000.0,T,PFE,32.67,15.0,32.68,10.0
2017-01-03 09:40:37,94036560669000.0,T,PFE,32.67,15.0,32.68,10.0
2017-01-03 09:40:38,94036560669000.0,T,PFE,32.67,15.0,32.68,10.0
2017-01-03 09:40:39,94039846181000.0,T,PFE,32.68,9.0,32.69,20.0
2017-01-03 09:40:40,94039846181000.0,T,PFE,32.68,9.0,32.69,20.0
2017-01-03 09:40:41,94041820094000.0,T,PFE,32.69,7.0,32.7,9.0
2017-01-03 09:40:42,94042806491000.0,T,PFE,32.69,7.0,32.7,9.0
2017-01-03 09:40:43,94043490583000.0,T,PFE,32.69,9.0,32.7,9.0
2017-01-03 09:40:44,94044107876000.0,T,PFE,32.69,6.0,32.7,9.0
2017-01-03 09:40:45,94044107876000.0,T,PFE,32.69,6.0,32.7,9.0
2017-01-03 09:40:46,94046183639000.0,T,PFE,32.69,8.0,32.7,9.0
2017-01-03 09:40:47,94046183639000.0,T,PFE,32.69,8.0,32.7,9.0
2017-01-03 09:40:48,94046183639000.0,T,PFE,32.69,8.0,32.7,9.0
2017-01-03 09:40:49,94049300410000.0,T,PFE,32.69,14.0,32.7,11.0
2017-01-03 09:40:50,94049300410000.0,T,PFE,32.69,14.0,32.7,11.0
2017-01-03 09:40:51,94049300410000.0,T,PFE,32.69,14.0,32.7,11.0
2017-01-03 09:40:52,94052891589000.0,T,PFE,32.68,15.0,32.69,6.0
2017-01-03 09:40:53,94053870181000.0,T,PFE,32.68,18.0,32.69,6.0
2017-01-03 09:40:54,94054573599000.0,T,PFE,32.69,4.0,32.7,11.0
2017-01-03 09:40:55,94055838241000.0,T,PFE,32.68,7.0,32.69,10.0
2017-01-03 09:40:56,94056911359000.0,T,PFE,32.67,12.0,32.68,6.0
2017-01-03 09:40:57,94057829810000.0,T,PFE,32.67,9.0,32.68,11.0
2017-01-03 09:40:58,94058295296000.0,T,PFE,32.67,12.0,32.68,7.0
2017-01-03 09:40:59,94059324708000.0,T,PFE,32.67,13.0,32.68,7.0
2017-01-03 09:41:00,94100816955000.0,T,PFE,32.67,15.0,32.68,2.0
2017-01-03 09:41:01,94101538460000.0,T,PFE,32.68,8.0,32.69,8.0
2017-01-03 09:41:02,94101538460000.0,T,PFE,32.68,8.0,32.69,8.0
2017-01-03 09:41:03,94101538460000.0,T,PFE,32.68,8.0,32.69,8.0
2017-01-03 09:41:04,94101538460000.0,T,PFE,32.68,8.0,32.69,8.0
2017-01-03 09:41:05,94105977787000.0,T,PFE,32.69,2.0,32.7,9.0
2017-01-03 09:41:06,94106923068000.0,T,PFE,32.68,10.0,32.69,9.0
2017-01-03 09:41:07,94107075444000.0,T,PFE,32.68,10.0,32.69,10.0
2017-01-03 09:41:08,94108974488000.0,T,PFE,32.67,9.0,32.68,12.0
2017-01-03 09:41:09,94109662926000.0,T,PFE,32.68,9.0,32.69,8.0
2017-01-03 09:41:10,94110623661000.0,T,PFE,32.68,17.0,32.69,8.0
2017-01-03 09:41:11,94111986470000.0,T,PFE,32.69,12.0,32.7,8.0
2017-01-03 09:41:12,94112045611000.0,T,PFE,32.69,9.0,32.7,8.0
2017-01-03 09:41:13,94113878463000.0,T,PFE,32.69,11.0,32.7,8.0
2017-01-03 09:41:14,94113878463000.0,T,PFE,32.69,11.0,32.7,8.0
2017-01-03 09:41:15,94115584252000.0,T,PFE,32.69,11.0,32.7,9.0
2017-01-03 09:41:16,94116887976000.0,T,PFE,32.69,12.0,32.7,9.0
2017-01-03 09:41:17,94117235285000.0,T,PFE,32.69,8.0,32.7,9.0
2017-01-03 09:41:18,94118096224000.0,T,PFE,32.69,9.0,32.7,9.0
2017-01-03 09:41:19,94119577094000.0,T,PFE,32.69,12.0,32.7,9.0
2017-01-03 09:41:20,94120856472000.0,T,PFE,32.69,15.0,32.7,8.0
2017-01-03 09:41:21,94121259473000.0,T,PFE,32.69,15.0,32.7,6.0
2017-01-03 09:41:22,94121259473000.0,T,PFE,32.69,15.0,32.7,6.0
2017-01-03 09:41:23,94123581434000.0,T,PFE,32.69,10.0,32.7,9.0
2017-01-03 09:41:24,94123581434000.0,T,PFE,32.69,10.0,32.7,9.0
2017-01-03 09:41:25,94123581434000.0,T,PFE,32.69,10.0,32.7,9.0
2017-01-03 09:41:26,94123581434000.0,T,PFE,32.69,10.0,32.7,9.0
2017-01-03 09:41:27,94123581434000.0,T,PFE,32.69,10.0,32.7,9.0
2017-01-03 09:41:28,94123581434000.0,T,PFE,32.69,10.0,32.7,9.0
2017-01-03 09:41:29,94129597972000.0,T,PFE,32.69,10.0,32.7,11.0
2017-01-03 09:41:30,94130136048000.0,T,PFE,32.69,10.0,32.7,10.0
2017-01-03 09:41:31,94131070282000.0,T,PFE,32.69,8.0,32.7,10.0
2017-01-03 09:41:32,94131070282000.0,T,PFE,32.69,8.0,32.7,10.0
2017-01-03 09:41:33,94131070282000.0,T,PFE,32.69,8.0,32.7,10.0
2017-01-03 09:41:34,94134610577000.0,T,PFE,32.69,5.0,32.7,11.0
2017-01-03 09:41:35,94134610577000.0,T,PFE,32.69,5.0,32.7,11.0
2017-01-03 09:41:36,94136917567000.0,T,PFE,32.7,12.0,32.71,13.0
2017-01-03 09:41:37,94137361730000.0,T,PFE,32.7,4.0,32.71,14.0
2017-01-03 09:41:38,94138543177000.0,T,PFE,32.7,5.0,32.71,13.0
2017-01-03 09:41:39,94138543177000.0,T,PFE,32.7,5.0,32.71,13.0
2017-01-03 09:41:40,94140962570000.0,T,PFE,32.7,5.0,32.71,12.0
2017-01-03 09:41:41,94140962570000.0,T,PFE,32.7,5.0,32.71,12.0
2017-01-03 09:41:42,94140962570000.0,T,PFE,32.7,5.0,32.71,12.0
2017-01-03 09:41:43,94140962570000.0,T,PFE,32.7,5.0,32.71,12.0
2017-01-03 09:41:44,94144524001000.0,T,PFE,32.69,8.0,32.7,13.0
2017-01-03 09:41:45,94145945627000.0,T,PFE,32.69,5.0,32.7,15.0
2017-01-03 09:41:46,94146190799000.0,T,PFE,32.69,7.0,32.7,15.0
2017-01-03 09:41:47,94147570033000.0,T,PFE,32.69,9.0,32.7,13.0
2017-01-03 09:41:48,94148130092000.0,T,PFE,32.69,7.0,32.7,14.0
2017-01-03 09:41:49,94149151677000.0,T,PFE,32.69,7.0,32.7,14.0
2017-01-03 09:41:50,94149151677000.0,T,PFE,32.69,7.0,32.7,14.0
2017-01-03 09:41:51,94149151677000.0,T,PFE,32.69,7.0,32.7,14.0
2017-01-03 09:41:52,94149151677000.0,T,PFE,32.69,7.0,32.7,14.0
2017-01-03 09:41:53,94149151677000.0,T,PFE,32.69,7.0,32.7,14.0
2017-01-03 09:41:54,94149151677000.0,T,PFE,32.69,7.0,32.7,14.0
2017-01-03 09:41:55,94155957797000.0,T,PFE,32.7,11.0,32.71,15.0
2017-01-03 09:41:56,94156669531000.0,T,PFE,32.7,1.0,32.71,15.0
2017-01-03 09:41:57,94156669531000.0,T,PFE,32.7,1.0,32.71,15.0
2017-01-03 09:41:58,94158045281000.0,T,PFE,32.7,1.0,32.71,14.0
2017-01-03 09:41:59,94159781886000.0,T,PFE,32.7,1.0,32.71,18.0
2017-01-03 09:42:00,94200797957000.0,T,PFE,32.69,12.0,32.71,18.0
2017-01-03 09:42:01,94201711158000.0,T,PFE,32.69,14.0,32.71,13.0
2017-01-03 09:42:02,94201711158000.0,T,PFE,32.69,14.0,32.71,13.0
2017-01-03 09:42:03,94203146720000.0,T,PFE,32.69,12.0,32.71,16.0
2017-01-03 09:42:04,94204777617000.0,T,PFE,32.7,19.0,32.71,11.0
2017-01-03 09:42:05,94205526798000.0,T,PFE,32.7,20.0,32.71,11.0
2017-01-03 09:42:06,94205526798000.0,T,PFE,32.7,20.0,32.71,11.0
2017-01-03 09:42:07,94207450366000.0,T,PFE,32.7,10.0,32.71,15.0
2017-01-03 09:42:08,94207450366000.0,T,PFE,32.7,10.0,32.71,15.0
2017-01-03 09:42:09,94207450366000.0,T,PFE,32.7,10.0,32.71,15.0
2017-01-03 09:42:10,94210528495000.0,T,PFE,32.7,7.0,32.71,14.0
2017-01-03 09:42:11,94211738889000.0,T,PFE,32.7,8.0,32.71,12.0
2017-01-03 09:42:12,94212161388000.0,T,PFE,32.7,8.0,32.71,13.0
2017-01-03 09:42:13,94213179749000.0,T,PFE,32.7,4.0,32.71,16.0
2017-01-03 09:42:14,94214926330000.0,T,PFE,32.7,14.0,32.71,13.0
2017-01-03 09:42:15,94215868797000.0,T,PFE,32.7,12.0,32.71,13.0
2017-01-03 09:42:16,94216713593000.0,T,PFE,32.7,6.0,32.71,16.0
2017-01-03 09:42:17,94217304300000.0,T,PFE,32.7,8.0,32.71,15.0
2017-01-03 09:42:18,94218993940000.0,T,PFE,32.71,14.0,32.72,8.0
2017-01-03 09:42:19,94219986207000.0,T,PFE,32.71,12.0,32.73,9.0
2017-01-03 09:42:20,94220726062000.0,T,PFE,32.72,8.0,32.73,13.0
2017-01-03 09:42:21,94221248563000.0,T,PFE,32.72,3.0,32.73,10.0
2017-01-03 09:42:22,94221248563000.0,T,PFE,32.72,3.0,32.73,10.0
2017-01-03 09:42:23,94223987884000.0,T,PFE,32.72,5.0,32.73,10.0
2017-01-03 09:42:24,94223987884000.0,T,PFE,32.72,5.0,32.73,10.0
2017-01-03 09:42:25,94225020709000.0,T,PFE,32.72,7.0,32.73,10.0
2017-01-03 09:42:26,94226581389000.0,T,PFE,32.72,8.0,32.73,10.0
2017-01-03 09:42:27,94227913068000.0,T,PFE,32.72,8.0,32.73,11.0
2017-01-03 09:42:28,94227913068000.0,T,PFE,32.72,8.0,32.73,11.0
2017-01-03 09:42:29,94229997423000.0,T,PFE,32.71,8.0,32.72,13.0
2017-01-03 09:42:30,94230077489000.0,T,PFE,32.71,8.0,32.72,12.0
2017-01-03 09:42:31,94231093432000.0,T,PFE,32.71,7.0,32.72,13.0
2017-01-03 09:42:32,94231093432000.0,T,PFE,32.71,7.0,32.72,13.0
2017-01-03 09:42:33,94231093432000.0,T,PFE,32.71,7.0,32.72,13.0
2017-01-03 09:42:34,94234293959000.0,T,PFE,32.71,14.0,32.72,9.0
2017-01-03 09:42:35,94234293959000.0,T,PFE,32.71,14.0,32.72,9.0
2017-01-03 09:42:36,94234293959000.0,T,PFE,32.71,14.0,32.72,9.0
2017-01-03 09:42:37,94237315479000.0,T,PFE,32.71,14.0,32.72,8.0
2017-01-03 09:42:38,94238342989000.0,T,PFE,32.71,6.0,32.72,9.0
2017-01-03 09:42:39,94239253132000.0,T,PFE,32.71,6.0,32.72,10.0
2017-01-03 09:42:40,94240648106000.0,T,PFE,32.71,8.0,32.72,10.0
2017-01-03 09:42:41,94240648106000.0,T,PFE,32.71,8.0,32.72,10.0
2017-01-03 09:42:42,94242882971000.0,T,PFE,32.71,17.0,32.72,7.0
2017-01-03 09:42:43,94243670307000.0,T,PFE,32.72,20.0,32.73,9.0
2017-01-03 09:42:44,94244130334000.0,T,PFE,32.72,18.0,32.73,10.0
2017-01-03 09:42:45,94244130334000.0,T,PFE,32.72,18.0,32.73,10.0
2017-01-03 09:42:46,94246572435000.0,T,PFE,32.72,11.0,32.73,9.0
2017-01-03 09:42:47,94247906727000.0,T,PFE,32.72,11.0,32.73,10.0
2017-01-03 09:42:48,94248927656000.0,T,PFE,32.72,18.0,32.73,10.0
2017-01-03 09:42:49,94248927656000.0,T,PFE,32.72,18.0,32.73,10.0
2017-01-03 09:42:50,94250661306000.0,T,PFE,32.72,18.0,32.73,6.0
2017-01-03 09:42:51,94251528946000.0,T,PFE,32.72,16.0,32.73,6.0
2017-01-03 09:42:52,94252890623000.0,T,PFE,32.73,8.0,32.74,7.0
2017-01-03 09:42:53,94253929410000.0,T,PFE,32.72,15.0,32.73,9.0
2017-01-03 09:42:54,94254426446000.0,T,PFE,32.72,16.0,32.73,9.0
2017-01-03 09:42:55,94254426446000.0,T,PFE,32.72,16.0,32.73,9.0
2017-01-03 09:42:56,94254426446000.0,T,PFE,32.72,16.0,32.73,9.0
2017-01-03 09:42:57,94254426446000.0,T,PFE,32.72,16.0,32.73,9.0
2017-01-03 09:42:58,94254426446000.0,T,PFE,32.72,16.0,32.73,9.0
2017-01-03 09:42:59,94259218925000.0,T,PFE,32.72,15.0,32.73,8.0
2017-01-03 09:43:00,94300533447000.0,T,PFE,32.72,15.0,32.73,9.0
2017-01-03 09:43:01,94300533447000.0,T,PFE,32.72,15.0,32.73,9.0
2017-01-03 09:43:02,94300533447000.0,T,PFE,32.72,15.0,32.73,9.0
2017-01-03 09:43:03,94300533447000.0,T,PFE,32.72,15.0,32.73,9.0
2017-01-03 09:43:04,94304991004000.0,T,PFE,32.72,21.0,32.73,9.0
2017-01-03 09:43:05,94304991004000.0,T,PFE,32.72,21.0,32.73,9.0
2017-01-03 09:43:06,94304991004000.0,T,PFE,32.72,21.0,32.73,9.0
2017-01-03 09:43:07,94307899349000.0,T,PFE,32.73,9.0,32.74,3.0
2017-01-03 09:43:08,94308890743000.0,T,PFE,32.72,20.0,32.73,6.0
2017-01-03 09:43:09,94309837893000.0,T,PFE,32.72,15.0,32.73,6.0
2017-01-03 09:43:10,94310510576000.0,T,PFE,32.71,15.0,32.73,11.0
2017-01-03 09:43:11,94311945745000.0,T,PFE,32.71,14.0,32.73,10.0
2017-01-03 09:43:12,94312113883000.0,T,PFE,32.71,14.0,32.73,10.0
2017-01-03 09:43:13,94313124646000.0,T,PFE,32.72,15.0,32.73,6.0
2017-01-03 09:43:14,94314174721000.0,T,PFE,32.72,14.0,32.73,6.0
2017-01-03 09:43:15,94314174721000.0,T,PFE,32.72,14.0,32.73,6.0
2017-01-03 09:43:16,94316104621000.0,T,PFE,32.72,14.0,32.73,5.0
2017-01-03 09:43:17,94316104621000.0,T,PFE,32.72,14.0,32.73,5.0
2017-01-03 09:43:18,94316104621000.0,T,PFE,32.72,14.0,32.73,5.0
2017-01-03 09:43:19,94316104621000.0,T,PFE,32.72,14.0,32.73,5.0
2017-01-03 09:43:20,94320664213000.0,T,PFE,32.72,15.0,32.73,5.0
2017-01-03 09:43:21,94321795942000.0,T,PFE,32.71,11.0,32.72,7.0
2017-01-03 09:43:22,94322847411000.0,T,PFE,32.71,12.0,32.72,2.0
2017-01-03 09:43:23,94323756745000.0,T,PFE,32.71,16.0,32.72,3.0
2017-01-03 09:43:24,94324379183000.0,T,PFE,32.71,16.0,32.72,5.0
2017-01-03 09:43:25,94325365544000.0,T,PFE,32.71,16.0,32.72,6.0
2017-01-03 09:43:26,94325365544000.0,T,PFE,32.71,16.0,32.72,6.0
2017-01-03 09:43:27,94327909895000.0,T,PFE,32.72,7.0,32.73,4.0
2017-01-03 09:43:28,94327909895000.0,T,PFE,32.72,7.0,32.73,4.0
2017-01-03 09:43:29,94327909895000.0,T,PFE,32.72,7.0,32.73,4.0
2017-01-03 09:43:30,94327909895000.0,T,PFE,32.72,7.0,32.73,4.0
2017-01-03 09:43:31,94331619356000.0,T,PFE,32.72,7.0,32.73,4.0
2017-01-03 09:43:32,94331619356000.0,T,PFE,32.72,7.0,32.73,4.0
2017-01-03 09:43:33,94333393834000.0,T,PFE,32.73,10.0,32.74,6.0
2017-01-03 09:43:34,94333393834000.0,T,PFE,32.73,10.0,32.74,6.0
2017-01-03 09:43:35,94335824423000.0,T,PFE,32.73,15.0,32.74,2.0
2017-01-03 09:43:36,94335824423000.0,T,PFE,32.73,15.0,32.74,2.0
2017-01-03 09:43:37,94337472156000.0,T,PFE,32.73,19.0,32.74,4.0
2017-01-03 09:43:38,94338259016000.0,T,PFE,32.73,19.0,32.74,2.0
2017-01-03 09:43:39,94338259016000.0,T,PFE,32.73,19.0,32.74,2.0
2017-01-03 09:43:40,94340992062000.0,T,PFE,32.73,19.0,32.74,2.0
2017-01-03 09:43:41,94341939014000.0,T,PFE,32.73,17.0,32.74,6.0
2017-01-03 09:43:42,94342916250000.0,T,PFE,32.73,13.0,32.74,6.0
2017-01-03 09:43:43,94343248913000.0,T,PFE,32.73,13.0,32.74,6.0
2017-01-03 09:43:44,94343248913000.0,T,PFE,32.73,13.0,32.74,6.0
2017-01-03 09:43:45,94343248913000.0,T,PFE,32.73,13.0,32.74,6.0
2017-01-03 09:43:46,94346838865000.0,T,PFE,32.73,8.0,32.74,9.0
2017-01-03 09:43:47,94346838865000.0,T,PFE,32.73,8.0,32.74,9.0
2017-01-03 09:43:48,94346838865000.0,T,PFE,32.73,8.0,32.74,9.0
2017-01-03 09:43:49,94346838865000.0,T,PFE,32.73,8.0,32.74,9.0
2017-01-03 09:43:50,94346838865000.0,T,PFE,32.73,8.0,32.74,9.0
2017-01-03 09:43:51,94351773019000.0,T,PFE,32.73,7.0,32.74,9.0
2017-01-03 09:43:52,94351773019000.0,T,PFE,32.73,7.0,32.74,9.0
2017-01-03 09:43:53,94353257493000.0,T,PFE,32.72,4.0,32.73,13.0
2017-01-03 09:43:54,94354330501000.0,T,PFE,32.72,5.0,32.73,10.0
2017-01-03 09:43:55,94354330501000.0,T,PFE,32.72,5.0,32.73,10.0
2017-01-03 09:43:56,94356840809000.0,T,PFE,32.72,8.0,32.73,10.0
2017-01-03 09:43:57,94357994509000.0,T,PFE,32.71,8.0,32.72,12.0
2017-01-03 09:43:58,94358993810000.0,T,PFE,32.71,8.0,32.72,10.0
2017-01-03 09:43:59,94359809419000.0,T,PFE,32.71,4.0,32.72,10.0
2017-01-03 09:44:00,94400482489000.0,T,PFE,32.71,4.0,32.72,12.0
2017-01-03 09:44:01,94400482489000.0,T,PFE,32.71,4.0,32.72,12.0
2017-01-03 09:44:02,94402860308000.0,T,PFE,32.7,6.0,32.71,11.0
2017-01-03 09:44:03,94402860308000.0,T,PFE,32.7,6.0,32.71,11.0
2017-01-03 09:44:04,94404164487000.0,T,PFE,32.7,9.0,32.71,11.0
2017-01-03 09:44:05,94405910790000.0,T,PFE,32.7,7.0,32.71,11.0
2017-01-03 09:44:06,94406494191000.0,T,PFE,32.7,5.0,32.71,11.0
2017-01-03 09:44:07,94407683992000.0,T,PFE,32.69,9.0,32.7,9.0
2017-01-03 09:44:08,94408692389000.0,T,PFE,32.7,15.0,32.71,7.0
2017-01-03 09:44:09,94409565713000.0,T,PFE,32.7,11.0,32.71,8.0
2017-01-03 09:44:10,94410715410000.0,T,PFE,32.7,9.0,32.71,8.0
2017-01-03 09:44:11,94411525174000.0,T,PFE,32.7,12.0,32.71,8.0
2017-01-03 09:44:12,94411525174000.0,T,PFE,32.7,12.0,32.71,8.0
2017-01-03 09:44:13,94411525174000.0,T,PFE,32.7,12.0,32.71,8.0
2017-01-03 09:44:14,94411525174000.0,T,PFE,32.7,12.0,32.71,8.0
2017-01-03 09:44:15,94415161377000.0,T,PFE,32.7,12.0,32.71,8.0
2017-01-03 09:44:16,94416819996000.0,T,PFE,32.7,10.0,32.71,9.0
2017-01-03 09:44:17,94416819996000.0,T,PFE,32.7,10.0,32.71,9.0
2017-01-03 09:44:18,94418019965000.0,T,PFE,32.7,10.0,32.71,9.0
2017-01-03 09:44:19,94418019965000.0,T,PFE,32.7,10.0,32.71,9.0
2017-01-03 09:44:20,94418019965000.0,T,PFE,32.7,10.0,32.71,9.0
2017-01-03 09:44:21,94418019965000.0,T,PFE,32.7,10.0,32.71,9.0
2017-01-03 09:44:22,94422645244000.0,T,PFE,32.7,14.0,32.71,8.0
2017-01-03 09:44:23,94422645244000.0,T,PFE,32.7,14.0,32.71,8.0
2017-01-03 09:44:24,94422645244000.0,T,PFE,32.7,14.0,32.71,8.0
2017-01-03 09:44:25,94425930586000.0,T,PFE,32.7,14.0,32.71,8.0
2017-01-03 09:44:26,94425930586000.0,T,PFE,32.7,14.0,32.71,8.0
2017-01-03 09:44:27,94425930586000.0,T,PFE,32.7,14.0,32.71,8.0
2017-01-03 09:44:28,94428911291000.0,T,PFE,32.7,14.0,32.71,8.0
2017-01-03 09:44:29,94428911291000.0,T,PFE,32.7,14.0,32.71,8.0
2017-01-03 09:44:30,94428911291000.0,T,PFE,32.7,14.0,32.71,8.0
2017-01-03 09:44:31,94428911291000.0,T,PFE,32.7,14.0,32.71,8.0
2017-01-03 09:44:32,94428911291000.0,T,PFE,32.7,14.0,32.71,8.0
2017-01-03 09:44:33,94428911291000.0,T,PFE,32.7,14.0,32.71,8.0
2017-01-03 09:44:34,94434010786000.0,T,PFE,32.7,8.0,32.71,10.0
2017-01-03 09:44:35,94435210141000.0,T,PFE,32.7,8.0,32.71,10.0
2017-01-03 09:44:36,94435210141000.0,T,PFE,32.7,8.0,32.71,10.0
2017-01-03 09:44:37,94435210141000.0,T,PFE,32.7,8.0,32.71,10.0
2017-01-03 09:44:38,94435210141000.0,T,PFE,32.7,8.0,32.71,10.0
2017-01-03 09:44:39,94435210141000.0,T,PFE,32.7,8.0,32.71,10.0
2017-01-03 09:44:40,94440468567000.0,T,PFE,32.69,11.0,32.7,7.0
2017-01-03 09:44:41,94441631209000.0,T,PFE,32.69,10.0,32.7,7.0
2017-01-03 09:44:42,94441631209000.0,T,PFE,32.69,10.0,32.7,7.0
2017-01-03 09:44:43,94443599745000.0,T,PFE,32.69,10.0,32.7,8.0
2017-01-03 09:44:44,94444133228000.0,T,PFE,32.69,6.0,32.7,8.0
2017-01-03 09:44:45,94444133228000.0,T,PFE,32.69,6.0,32.7,8.0
2017-01-03 09:44:46,94446705537000.0,T,PFE,32.69,6.0,32.7,11.0
2017-01-03 09:44:47,94447691032000.0,T,PFE,32.69,4.0,32.7,11.0
2017-01-03 09:44:48,94448366187000.0,T,PFE,32.68,9.0,32.69,11.0
2017-01-03 09:44:49,94448366187000.0,T,PFE,32.68,9.0,32.69,11.0
2017-01-03 09:44:50,94448366187000.0,T,PFE,32.68,9.0,32.69,11.0
2017-01-03 09:44:51,94451697791000.0,T,PFE,32.68,15.0,32.69,8.0
2017-01-03 09:44:52,94452132551000.0,T,PFE,32.69,11.0,32.7,9.0
2017-01-03 09:44:53,94452132551000.0,T,PFE,32.69,11.0,32.7,9.0
2017-01-03 09:44:54,94452132551000.0,T,PFE,32.69,11.0,32.7,9.0
2017-01-03 09:44:55,94455809148000.0,T,PFE,32.69,9.0,32.7,9.0
2017-01-03 09:44:56,94456352424000.0,T,PFE,32.69,3.0,32.7,10.0
2017-01-03 09:44:57,94457026740000.0,T,PFE,32.69,3.0,32.7,10.0
2017-01-03 09:44:58,94457026740000.0,T,PFE,32.69,3.0,32.7,10.0
2017-01-03 09:44:59,94459280448000.0,T,PFE,32.69,7.0,32.7,10.0
2017-01-03 09:45:00,94500161046000.0,T,PFE,32.69,7.0,32.7,8.0
2017-01-03 09:45:01,94501598877000.0,T,PFE,32.69,5.0,32.7,9.0
2017-01-03 09:45:02,94501598877000.0,T,PFE,32.69,5.0,32.7,9.0
2017-01-03 09:45:03,94501598877000.0,T,PFE,32.69,5.0,32.7,9.0
2017-01-03 09:45:04,94501598877000.0,T,PFE,32.69,5.0,32.7,9.0
2017-01-03 09:45:05,94505482634000.0,T,PFE,32.69,7.0,32.7,9.0
2017-01-03 09:45:06,94506975867000.0,T,PFE,32.68,12.0,32.7,16.0
2017-01-03 09:45:07,94507784920000.0,T,PFE,32.68,15.0,32.7,12.0
2017-01-03 09:45:08,94508099841000.0,T,PFE,32.68,15.0,32.7,11.0
2017-01-03 09:45:09,94509605927000.0,T,PFE,32.68,15.0,32.7,11.0
2017-01-03 09:45:10,94509605927000.0,T,PFE,32.68,15.0,32.7,11.0
2017-01-03 09:45:11,94511983646000.0,T,PFE,32.7,11.0,32.71,7.0
2017-01-03 09:45:12,94512476702000.0,T,PFE,32.71,11.0,32.72,9.0
2017-01-03 09:45:13,94513792243000.0,T,PFE,32.71,9.0,32.72,10.0
2017-01-03 09:45:14,94514952988000.0,T,PFE,32.71,3.0,32.72,11.0
2017-01-03 09:45:15,94515780093000.0,T,PFE,32.69,13.0,32.7,11.0
2017-01-03 09:45:16,94516598955000.0,T,PFE,32.69,14.0,32.7,7.0
2017-01-03 09:45:17,94517393703000.0,T,PFE,32.69,12.0,32.7,6.0
2017-01-03 09:45:18,94518426102000.0,T,PFE,32.69,14.0,32.7,7.0
2017-01-03 09:45:19,94518426102000.0,T,PFE,32.69,14.0,32.7,7.0
2017-01-03 09:45:20,94520680704000.0,T,PFE,32.69,16.0,32.7,7.0
2017-01-03 09:45:21,94521728454000.0,T,PFE,32.69,14.0,32.7,7.0
2017-01-03 09:45:22,94522280895000.0,T,PFE,32.69,14.0,32.7,7.0
2017-01-03 09:45:23,94522280895000.0,T,PFE,32.69,14.0,32.7,7.0
2017-01-03 09:45:24,94522280895000.0,T,PFE,32.69,14.0,32.7,7.0
2017-01-03 09:45:25,94525482681000.0,T,PFE,32.69,12.0,32.7,14.0
2017-01-03 09:45:26,94526241995000.0,T,PFE,32.69,13.0,32.7,13.0
2017-01-03 09:45:27,94527989532000.0,T,PFE,32.69,13.0,32.7,6.0
2017-01-03 09:45:28,94528819872000.0,T,PFE,32.7,8.0,32.71,5.0
2017-01-03 09:45:29,94529702530000.0,T,PFE,32.7,8.0,32.71,5.0
2017-01-03 09:45:30,94530846141000.0,T,PFE,32.7,12.0,32.71,3.0
2017-01-03 09:45:31,94531718898000.0,T,PFE,32.7,10.0,32.71,3.0
2017-01-03 09:45:32,94532139708000.0,T,PFE,32.7,10.0,32.71,6.0
2017-01-03 09:45:33,94532139708000.0,T,PFE,32.7,10.0,32.71,6.0
2017-01-03 09:45:34,94534458519000.0,T,PFE,32.7,10.0,32.71,4.0
2017-01-03 09:45:35,94535929634000.0,T,PFE,32.69,12.0,32.7,10.0
2017-01-03 09:45:36,94536919116000.0,T,PFE,32.69,10.0,32.7,7.0
2017-01-03 09:45:37,94537457984000.0,T,PFE,32.69,10.0,32.7,4.0
2017-01-03 09:45:38,94537457984000.0,T,PFE,32.69,10.0,32.7,4.0
2017-01-03 09:45:39,94539416882000.0,T,PFE,32.7,7.0,32.71,6.0
2017-01-03 09:45:40,94540943859000.0,T,PFE,32.7,9.0,32.71,8.0
2017-01-03 09:45:41,94540943859000.0,T,PFE,32.7,9.0,32.71,8.0
2017-01-03 09:45:42,94542742089000.0,T,PFE,32.7,18.0,32.72,16.0
2017-01-03 09:45:43,94543493418000.0,T,PFE,32.7,18.0,32.72,14.0
2017-01-03 09:45:44,94544790488000.0,T,PFE,32.71,7.0,32.72,5.0
2017-01-03 09:45:45,94545730391000.0,T,PFE,32.71,4.0,32.72,6.0
2017-01-03 09:45:46,94546480081000.0,T,PFE,32.71,5.0,32.72,6.0
2017-01-03 09:45:47,94546480081000.0,T,PFE,32.71,5.0,32.72,6.0
2017-01-03 09:45:48,94548730832000.0,T,PFE,32.71,6.0,32.72,6.0
2017-01-03 09:45:49,94549814826000.0,T,PFE,32.71,8.0,32.72,5.0
2017-01-03 09:45:50,94550826877000.0,T,PFE,32.72,6.0,32.73,6.0
2017-01-03 09:45:51,94551022627000.0,T,PFE,32.72,5.0,32.73,6.0
2017-01-03 09:45:52,94552928284000.0,T,PFE,32.71,13.0,32.72,7.0
2017-01-03 09:45:53,94553529857000.0,T,PFE,32.71,13.0,32.72,8.0
2017-01-03 09:45:54,94553529857000.0,T,PFE,32.71,13.0,32.72,8.0
2017-01-03 09:45:55,94555026745000.0,T,PFE,32.71,13.0,32.72,6.0
2017-01-03 09:45:56,94555026745000.0,T,PFE,32.71,13.0,32.72,6.0
2017-01-03 09:45:57,94557371132000.0,T,PFE,32.72,17.0,32.73,4.0
2017-01-03 09:45:58,94558289800000.0,T,PFE,32.72,11.0,32.73,5.0
2017-01-03 09:45:59,94559959182000.0,T,PFE,32.73,19.0,32.74,8.0
2017-01-03 09:46:00,94600932643000.0,T,PFE,32.73,11.0,32.74,6.0
2017-01-03 09:46:01,94601161293000.0,T,PFE,32.73,11.0,32.74,7.0
2017-01-03 09:46:02,94602685372000.0,T,PFE,32.73,11.0,32.74,4.0
2017-01-03 09:46:03,94603878569000.0,T,PFE,32.73,13.0,32.74,10.0
2017-01-03 09:46:04,94603878569000.0,T,PFE,32.73,13.0,32.74,10.0
2017-01-03 09:46:05,94603878569000.0,T,PFE,32.73,13.0,32.74,10.0
2017-01-03 09:46:06,94603878569000.0,T,PFE,32.73,13.0,32.74,10.0
2017-01-03 09:46:07,94607894187000.0,T,PFE,32.74,13.0,32.75,2.0
2017-01-03 09:46:08,94608813247000.0,T,PFE,32.74,12.0,32.75,2.0
2017-01-03 09:46:09,94609620792000.0,T,PFE,32.74,11.0,32.75,2.0
2017-01-03 09:46:10,94610748229000.0,T,PFE,32.74,13.0,32.76,9.0
2017-01-03 09:46:11,94611974609000.0,T,PFE,32.74,11.0,32.76,12.0
2017-01-03 09:46:12,94611974609000.0,T,PFE,32.74,11.0,32.76,12.0
2017-01-03 09:46:13,94611974609000.0,T,PFE,32.74,11.0,32.76,12.0
2017-01-03 09:46:14,94611974609000.0,T,PFE,32.74,11.0,32.76,12.0
2017-01-03 09:46:15,94615975694000.0,T,PFE,32.73,12.0,32.74,11.0
2017-01-03 09:46:16,94616185857000.0,T,PFE,32.74,17.0,32.75,8.0
2017-01-03 09:46:17,94617165643000.0,T,PFE,32.74,12.0,32.75,8.0
2017-01-03 09:46:18,94618827864000.0,T,PFE,32.74,10.0,32.75,5.0
2017-01-03 09:46:19,94618827864000.0,T,PFE,32.74,10.0,32.75,5.0
2017-01-03 09:46:20,94618827864000.0,T,PFE,32.74,10.0,32.75,5.0
2017-01-03 09:46:21,94621687158000.0,T,PFE,32.74,6.0,32.75,9.0
2017-01-03 09:46:22,94622249411000.0,T,PFE,32.74,9.0,32.75,9.0
2017-01-03 09:46:23,94623917396000.0,T,PFE,32.74,9.0,32.75,6.0
2017-01-03 09:46:24,94623917396000.0,T,PFE,32.74,9.0,32.75,6.0
2017-01-03 09:46:25,94623917396000.0,T,PFE,32.74,9.0,32.75,6.0
2017-01-03 09:46:26,94623917396000.0,T,PFE,32.74,9.0,32.75,6.0
2017-01-03 09:46:27,94623917396000.0,T,PFE,32.74,9.0,32.75,6.0
2017-01-03 09:46:28,94628370053000.0,T,PFE,32.74,7.0,32.75,6.0
2017-01-03 09:46:29,94628370053000.0,T,PFE,32.74,7.0,32.75,6.0
2017-01-03 09:46:30,94630820920000.0,T,PFE,32.74,3.0,32.75,16.0
2017-01-03 09:46:31,94630820920000.0,T,PFE,32.74,3.0,32.75,16.0
2017-01-03 09:46:32,94632584294000.0,T,PFE,32.73,9.0,32.74,9.0
2017-01-03 09:46:33,94633487036000.0,T,PFE,32.73,9.0,32.74,8.0
2017-01-03 09:46:34,94633487036000.0,T,PFE,32.73,9.0,32.74,8.0
2017-01-03 09:46:35,94635999567000.0,T,PFE,32.74,11.0,32.75,8.0
2017-01-03 09:46:36,94636918061000.0,T,PFE,32.74,13.0,32.75,9.0
2017-01-03 09:46:37,94637966970000.0,T,PFE,32.74,14.0,32.75,9.0
2017-01-03 09:46:38,94638967305000.0,T,PFE,32.74,8.0,32.75,9.0
2017-01-03 09:46:39,94639722497000.0,T,PFE,32.74,8.0,32.75,9.0
2017-01-03 09:46:40,94639722497000.0,T,PFE,32.74,8.0,32.75,9.0
2017-01-03 09:46:41,94641023833000.0,T,PFE,32.74,9.0,32.75,9.0
2017-01-03 09:46:42,94641023833000.0,T,PFE,32.74,9.0,32.75,9.0
2017-01-03 09:46:43,94641023833000.0,T,PFE,32.74,9.0,32.75,9.0
2017-01-03 09:46:44,94641023833000.0,T,PFE,32.74,9.0,32.75,9.0
2017-01-03 09:46:45,94645966799000.0,T,PFE,32.74,9.0,32.75,12.0
2017-01-03 09:46:46,94646545249000.0,T,PFE,32.74,9.0,32.75,13.0
2017-01-03 09:46:47,94647955331000.0,T,PFE,32.74,11.0,32.75,8.0
2017-01-03 09:46:48,94648827936000.0,T,PFE,32.76,23.0,32.77,5.0
2017-01-03 09:46:49,94649745518000.0,T,PFE,32.77,21.0,32.78,5.0
2017-01-03 09:46:50,94650845624000.0,T,PFE,32.77,13.0,32.78,9.0
2017-01-03 09:46:51,94650845624000.0,T,PFE,32.77,13.0,32.78,9.0
2017-01-03 09:46:52,94652903294000.0,T,PFE,32.77,20.0,32.78,7.0
2017-01-03 09:46:53,94653106124000.0,T,PFE,32.77,20.0,32.78,8.0
2017-01-03 09:46:54,94654843577000.0,T,PFE,32.77,18.0,32.78,8.0
2017-01-03 09:46:55,94654843577000.0,T,PFE,32.77,18.0,32.78,8.0
2017-01-03 09:46:56,94656963618000.0,T,PFE,32.77,14.0,32.78,17.0
2017-01-03 09:46:57,94656963618000.0,T,PFE,32.77,14.0,32.78,17.0
2017-01-03 09:46:58,94656963618000.0,T,PFE,32.77,14.0,32.78,17.0
2017-01-03 09:46:59,94659778852000.0,T,PFE,32.77,14.0,32.78,18.0
2017-01-03 09:47:00,94659778852000.0,T,PFE,32.77,14.0,32.78,18.0
2017-01-03 09:47:01,94659778852000.0,T,PFE,32.77,14.0,32.78,18.0
2017-01-03 09:47:02,94702414619000.0,T,PFE,32.77,15.0,32.78,10.0
2017-01-03 09:47:03,94703706054000.0,T,PFE,32.77,17.0,32.78,6.0
2017-01-03 09:47:04,94703706054000.0,T,PFE,32.77,17.0,32.78,6.0
2017-01-03 09:47:05,94703706054000.0,T,PFE,32.77,17.0,32.78,6.0
2017-01-03 09:47:06,94706654700000.0,T,PFE,32.77,15.0,32.78,6.0
2017-01-03 09:47:07,94706654700000.0,T,PFE,32.77,15.0,32.78,6.0
2017-01-03 09:47:08,94708822307000.0,T,PFE,32.78,13.0,32.79,12.0
2017-01-03 09:47:09,94709321660000.0,T,PFE,32.79,8.0,32.8,13.0
2017-01-03 09:47:10,94710845170000.0,T,PFE,32.79,16.0,32.8,7.0
2017-01-03 09:47:11,94711949011000.0,T,PFE,32.78,11.0,32.79,11.0
2017-01-03 09:47:12,94712529801000.0,T,PFE,32.78,8.0,32.79,9.0
2017-01-03 09:47:13,94713274327000.0,T,PFE,32.77,10.0,32.78,6.0
2017-01-03 09:47:14,94714765456000.0,T,PFE,32.77,6.0,32.78,10.0
2017-01-03 09:47:15,94714765456000.0,T,PFE,32.77,6.0,32.78,10.0
2017-01-03 09:47:16,94716887318000.0,T,PFE,32.78,7.0,32.79,7.0
2017-01-03 09:47:17,94716887318000.0,T,PFE,32.78,7.0,32.79,7.0
2017-01-03 09:47:18,94716887318000.0,T,PFE,32.78,7.0,32.79,7.0
2017-01-03 09:47:19,94716887318000.0,T,PFE,32.78,7.0,32.79,7.0
2017-01-03 09:47:20,94716887318000.0,T,PFE,32.78,7.0,32.79,7.0
2017-01-03 09:47:21,94721533562000.0,T,PFE,32.78,7.0,32.79,17.0
2017-01-03 09:47:22,94721533562000.0,T,PFE,32.78,7.0,32.79,17.0
2017-01-03 09:47:23,94723768684000.0,T,PFE,32.78,7.0,32.79,8.0
2017-01-03 09:47:24,94723768684000.0,T,PFE,32.78,7.0,32.79,8.0
2017-01-03 09:47:25,94723768684000.0,T,PFE,32.78,7.0,32.79,8.0
2017-01-03 09:47:26,94726613093000.0,T,PFE,32.78,7.0,32.79,11.0
2017-01-03 09:47:27,94726613093000.0,T,PFE,32.78,7.0,32.79,11.0
2017-01-03 09:47:28,94728308179000.0,T,PFE,32.78,6.0,32.79,16.0
2017-01-03 09:47:29,94728308179000.0,T,PFE,32.78,6.0,32.79,16.0
2017-01-03 09:47:30,94728308179000.0,T,PFE,32.78,6.0,32.79,16.0
2017-01-03 09:47:31,94731753734000.0,T,PFE,32.77,8.0,32.78,11.0
2017-01-03 09:47:32,94731753734000.0,T,PFE,32.77,8.0,32.78,11.0
2017-01-03 09:47:33,94733973872000.0,T,PFE,32.77,8.0,32.78,1.0
2017-01-03 09:47:34,94733973872000.0,T,PFE,32.77,8.0,32.78,1.0
2017-01-03 09:47:35,94735848697000.0,T,PFE,32.78,16.0,32.79,13.0
2017-01-03 09:47:36,94736873274000.0,T,PFE,32.78,14.0,32.79,11.0
2017-01-03 09:47:37,94736873274000.0,T,PFE,32.78,14.0,32.79,11.0
2017-01-03 09:47:38,94736873274000.0,T,PFE,32.78,14.0,32.79,11.0
2017-01-03 09:47:39,94736873274000.0,T,PFE,32.78,14.0,32.79,11.0
2017-01-03 09:47:40,94740685334000.0,T,PFE,32.78,6.0,32.79,14.0
2017-01-03 09:47:41,94740685334000.0,T,PFE,32.78,6.0,32.79,14.0
2017-01-03 09:47:42,94740685334000.0,T,PFE,32.78,6.0,32.79,14.0
2017-01-03 09:47:43,94743771061000.0,T,PFE,32.78,6.0,32.79,6.0
2017-01-03 09:47:44,94743771061000.0,T,PFE,32.78,6.0,32.79,6.0
2017-01-03 09:47:45,94745456179000.0,T,PFE,32.78,7.0,32.79,7.0
2017-01-03 09:47:46,94746234410000.0,T,PFE,32.79,17.0,32.8,14.0
2017-01-03 09:47:47,94747891878000.0,T,PFE,32.79,19.0,32.8,9.0
2017-01-03 09:47:48,94748700435000.0,T,PFE,32.79,20.0,32.8,9.0
2017-01-03 09:47:49,94749199842000.0,T,PFE,32.79,17.0,32.8,10.0
2017-01-03 09:47:50,94750212335000.0,T,PFE,32.79,20.0,32.8,10.0
2017-01-03 09:47:51,94751554363000.0,T,PFE,32.79,19.0,32.8,10.0
2017-01-03 09:47:52,94751554363000.0,T,PFE,32.79,19.0,32.8,10.0
2017-01-03 09:47:53,94753758727000.0,T,PFE,32.79,17.0,32.8,10.0
2017-01-03 09:47:54,94754325676000.0,T,PFE,32.79,16.0,32.8,10.0
2017-01-03 09:47:55,94754325676000.0,T,PFE,32.79,16.0,32.8,10.0
2017-01-03 09:47:56,94756966135000.0,T,PFE,32.79,12.0,32.8,7.0
2017-01-03 09:47:57,94757997326000.0,T,PFE,32.79,14.0,32.8,8.0
2017-01-03 09:47:58,94758914876000.0,T,PFE,32.79,12.0,32.8,11.0
2017-01-03 09:47:59,94758914876000.0,T,PFE,32.79,12.0,32.8,11.0
2017-01-03 09:48:00,94800986673000.0,T,PFE,32.8,20.0,32.81,1.0
2017-01-03 09:48:01,94801977893000.0,T,PFE,32.8,19.0,32.81,4.0
2017-01-03 09:48:02,94802360658000.0,T,PFE,32.81,7.0,32.82,8.0
2017-01-03 09:48:03,94803840539000.0,T,PFE,32.81,7.0,32.82,6.0
2017-01-03 09:48:04,94804691011000.0,T,PFE,32.81,7.0,32.82,12.0
2017-01-03 09:48:05,94804691011000.0,T,PFE,32.81,7.0,32.82,12.0
2017-01-03 09:48:06,94806878313000.0,T,PFE,32.8,14.0,32.81,9.0
2017-01-03 09:48:07,94807824454000.0,T,PFE,32.8,14.0,32.81,13.0
2017-01-03 09:48:08,94808671654000.0,T,PFE,32.8,15.0,32.81,12.0
2017-01-03 09:48:09,94809141089000.0,T,PFE,32.8,14.0,32.81,12.0
2017-01-03 09:48:10,94809141089000.0,T,PFE,32.8,14.0,32.81,12.0
2017-01-03 09:48:11,94811818434000.0,T,PFE,32.8,14.0,32.81,12.0
2017-01-03 09:48:12,94812131452000.0,T,PFE,32.79,7.0,32.8,16.0
2017-01-03 09:48:13,94813216879000.0,T,PFE,32.79,7.0,32.8,14.0
2017-01-03 09:48:14,94813216879000.0,T,PFE,32.79,7.0,32.8,14.0
2017-01-03 09:48:15,94815927883000.0,T,PFE,32.79,4.0,32.8,16.0
2017-01-03 09:48:16,94815927883000.0,T,PFE,32.79,4.0,32.8,16.0
2017-01-03 09:48:17,94817560938000.0,T,PFE,32.79,5.0,32.8,16.0
2017-01-03 09:48:18,94818929454000.0,T,PFE,32.79,5.0,32.8,16.0
2017-01-03 09:48:19,94819482725000.0,T,PFE,32.79,7.0,32.8,16.0
2017-01-03 09:48:20,94820390221000.0,T,PFE,32.79,7.0,32.8,16.0
2017-01-03 09:48:21,94821100384000.0,T,PFE,32.79,5.0,32.8,16.0
2017-01-03 09:48:22,94821100384000.0,T,PFE,32.79,5.0,32.8,16.0
2017-01-03 09:48:23,94823718902000.0,T,PFE,32.79,7.0,32.8,16.0
2017-01-03 09:48:24,94824981003000.0,T,PFE,32.78,11.0,32.8,20.0
2017-01-03 09:48:25,94825553099000.0,T,PFE,32.78,7.0,32.79,19.0
2017-01-03 09:48:26,94826993591000.0,T,PFE,32.78,15.0,32.79,21.0
2017-01-03 09:48:27,94827990342000.0,T,PFE,32.78,12.0,32.79,21.0
2017-01-03 09:48:28,94827990342000.0,T,PFE,32.78,12.0,32.79,21.0
2017-01-03 09:48:29,94829274440000.0,T,PFE,32.78,12.0,32.79,20.0
2017-01-03 09:48:30,94829274440000.0,T,PFE,32.78,12.0,32.79,20.0
2017-01-03 09:48:31,94829274440000.0,T,PFE,32.78,12.0,32.79,20.0
2017-01-03 09:48:32,94832999974000.0,T,PFE,32.78,6.0,32.79,24.0
2017-01-03 09:48:33,94833000160000.0,T,PFE,32.78,7.0,32.79,20.0
2017-01-03 09:48:34,94833000160000.0,T,PFE,32.78,7.0,32.79,20.0
2017-01-03 09:48:35,94833000160000.0,T,PFE,32.78,7.0,32.79,20.0
2017-01-03 09:48:36,94836989756000.0,T,PFE,32.78,5.0,32.79,21.0
2017-01-03 09:48:37,94837485104000.0,T,PFE,32.77,10.0,32.78,9.0
2017-01-03 09:48:38,94838621793000.0,T,PFE,32.77,10.0,32.78,6.0
2017-01-03 09:48:39,94838621793000.0,T,PFE,32.77,10.0,32.78,6.0
2017-01-03 09:48:40,94840538131000.0,T,PFE,32.78,12.0,32.79,17.0
2017-01-03 09:48:41,94841527601000.0,T,PFE,32.78,11.0,32.79,17.0
2017-01-03 09:48:42,94841527601000.0,T,PFE,32.78,11.0,32.79,17.0
2017-01-03 09:48:43,94843337442000.0,T,PFE,32.78,13.0,32.79,12.0
2017-01-03 09:48:44,94844945629000.0,T,PFE,32.79,23.0,32.8,2.0
2017-01-03 09:48:45,94845724751000.0,T,PFE,32.79,24.0,32.8,5.0
2017-01-03 09:48:46,94846763262000.0,T,PFE,32.79,24.0,32.8,8.0
2017-01-03 09:48:47,94847845469000.0,T,PFE,32.79,25.0,32.8,8.0
2017-01-03 09:48:48,94848598272000.0,T,PFE,32.79,22.0,32.8,9.0
2017-01-03 09:48:49,94848598272000.0,T,PFE,32.79,22.0,32.8,9.0
2017-01-03 09:48:50,94850834528000.0,T,PFE,32.79,10.0,32.8,13.0
2017-01-03 09:48:51,94850834528000.0,T,PFE,32.79,10.0,32.8,13.0
2017-01-03 09:48:52,94852911387000.0,T,PFE,32.79,9.0,32.8,12.0
2017-01-03 09:48:53,94853621396000.0,T,PFE,32.79,15.0,32.8,6.0
2017-01-03 09:48:54,94853621396000.0,T,PFE,32.79,15.0,32.8,6.0
2017-01-03 09:48:55,94853621396000.0,T,PFE,32.79,15.0,32.8,6.0
2017-01-03 09:48:56,94856304390000.0,T,PFE,32.79,15.0,32.8,10.0
2017-01-03 09:48:57,94856304390000.0,T,PFE,32.79,15.0,32.8,10.0
2017-01-03 09:48:58,94858911313000.0,T,PFE,32.79,15.0,32.8,11.0
2017-01-03 09:48:59,94859161273000.0,T,PFE,32.79,15.0,32.8,10.0
2017-01-03 09:49:00,94859161273000.0,T,PFE,32.79,15.0,32.8,10.0
2017-01-03 09:49:01,94901826702000.0,T,PFE,32.8,12.0,32.81,8.0
2017-01-03 09:49:02,94902363011000.0,T,PFE,32.8,12.0,32.81,7.0
2017-01-03 09:49:03,94903586389000.0,T,PFE,32.81,9.0,32.82,10.0
2017-01-03 09:49:04,94904845477000.0,T,PFE,32.81,11.0,32.82,10.0
2017-01-03 09:49:05,94904845477000.0,T,PFE,32.81,11.0,32.82,10.0
2017-01-03 09:49:06,94906914953000.0,T,PFE,32.8,4.0,32.81,12.0
2017-01-03 09:49:07,94907629345000.0,T,PFE,32.8,7.0,32.81,10.0
2017-01-03 09:49:08,94908213633000.0,T,PFE,32.8,8.0,32.81,10.0
2017-01-03 09:49:09,94909923563000.0,T,PFE,32.81,5.0,32.82,10.0
2017-01-03 09:49:10,94910348140000.0,T,PFE,32.81,9.0,32.82,8.0
2017-01-03 09:49:11,94911719147000.0,T,PFE,32.82,9.0,32.83,4.0
2017-01-03 09:49:12,94912299821000.0,T,PFE,32.82,16.0,32.83,4.0
2017-01-03 09:49:13,94913297916000.0,T,PFE,32.82,13.0,32.83,4.0
2017-01-03 09:49:14,94914244009000.0,T,PFE,32.82,13.0,32.83,4.0
2017-01-03 09:49:15,94915056169000.0,T,PFE,32.82,11.0,32.83,4.0
2017-01-03 09:49:16,94916999728000.0,T,PFE,32.82,13.0,32.83,2.0
2017-01-03 09:49:17,94917500325000.0,T,PFE,32.82,13.0,32.83,5.0
2017-01-03 09:49:18,94917500325000.0,T,PFE,32.82,13.0,32.83,5.0
2017-01-03 09:49:19,94919140410000.0,T,PFE,32.82,11.0,32.83,5.0
2017-01-03 09:49:20,94919140410000.0,T,PFE,32.82,11.0,32.83,5.0
2017-01-03 09:49:21,94921951113000.0,T,PFE,32.82,11.0,32.83,9.0
2017-01-03 09:49:22,94922219164000.0,T,PFE,32.82,9.0,32.83,9.0
2017-01-03 09:49:23,94922219164000.0,T,PFE,32.82,9.0,32.83,9.0
2017-01-03 09:49:24,94924943336000.0,T,PFE,32.81,8.0,32.82,9.0
2017-01-03 09:49:25,94925843904000.0,T,PFE,32.81,5.0,32.82,7.0
2017-01-03 09:49:26,94925843904000.0,T,PFE,32.81,5.0,32.82,7.0
2017-01-03 09:49:27,94927401064000.0,T,PFE,32.81,5.0,32.82,11.0
2017-01-03 09:49:28,94927401064000.0,T,PFE,32.81,5.0,32.82,11.0
2017-01-03 09:49:29,94929876065000.0,T,PFE,32.81,5.0,32.82,11.0
2017-01-03 09:49:30,94930612305000.0,T,PFE,32.8,6.0,32.81,14.0
2017-01-03 09:49:31,94931513009000.0,T,PFE,32.8,6.0,32.81,13.0
2017-01-03 09:49:32,94931513009000.0,T,PFE,32.8,6.0,32.81,13.0
2017-01-03 09:49:33,94931513009000.0,T,PFE,32.8,6.0,32.81,13.0
2017-01-03 09:49:34,94931513009000.0,T,PFE,32.8,6.0,32.81,13.0
2017-01-03 09:49:35,94935354487000.0,T,PFE,32.8,4.0,32.81,15.0
2017-01-03 09:49:36,94935354487000.0,T,PFE,32.8,4.0,32.81,15.0
2017-01-03 09:49:37,94935354487000.0,T,PFE,32.8,4.0,32.81,15.0
2017-01-03 09:49:38,94935354487000.0,T,PFE,32.8,4.0,32.81,15.0
2017-01-03 09:49:39,94939783999000.0,T,PFE,32.8,3.0,32.81,15.0
2017-01-03 09:49:40,94939783999000.0,T,PFE,32.8,3.0,32.81,15.0
2017-01-03 09:49:41,94941316428000.0,T,PFE,32.8,4.0,32.81,15.0
2017-01-03 09:49:42,94942787794000.0,T,PFE,32.8,4.0,32.81,12.0
2017-01-03 09:49:43,94943276710000.0,T,PFE,32.79,8.0,32.8,12.0
2017-01-03 09:49:44,94944564514000.0,T,PFE,32.79,9.0,32.8,12.0
2017-01-03 09:49:45,94944564514000.0,T,PFE,32.79,9.0,32.8,12.0
2017-01-03 09:49:46,94946941349000.0,T,PFE,32.79,6.0,32.8,14.0
2017-01-03 09:49:47,94947956536000.0,T,PFE,32.78,11.0,32.79,11.0
2017-01-03 09:49:48,94948306885000.0,T,PFE,32.78,11.0,32.79,10.0
2017-01-03 09:49:49,94949624715000.0,T,PFE,32.78,11.0,32.79,10.0
2017-01-03 09:49:50,94950233832000.0,T,PFE,32.78,11.0,32.79,4.0
2017-01-03 09:49:51,94950233832000.0,T,PFE,32.78,11.0,32.79,4.0
2017-01-03 09:49:52,94952736248000.0,T,PFE,32.78,13.0,32.79,2.0
2017-01-03 09:49:53,94953093791000.0,T,PFE,32.78,13.0,32.79,3.0
2017-01-03 09:49:54,94953093791000.0,T,PFE,32.78,13.0,32.79,3.0
2017-01-03 09:49:55,94955708493000.0,T,PFE,32.78,11.0,32.79,7.0
2017-01-03 09:49:56,94956801411000.0,T,PFE,32.78,5.0,32.79,10.0
2017-01-03 09:49:57,94957531699000.0,T,PFE,32.77,9.0,32.78,5.0
2017-01-03 09:49:58,94958564417000.0,T,PFE,32.77,9.0,32.78,5.0
2017-01-03 09:49:59,94959493525000.0,T,PFE,32.77,7.0,32.78,5.0
2017-01-03 09:50:00,95000533268000.0,T,PFE,32.77,7.0,32.78,9.0
2017-01-03 09:50:01,95000533268000.0,T,PFE,32.77,7.0,32.78,9.0
2017-01-03 09:50:02,95000533268000.0,T,PFE,32.77,7.0,32.78,9.0
2017-01-03 09:50:03,95003658159000.0,T,PFE,32.77,10.0,32.78,9.0
2017-01-03 09:50:04,95004916224000.0,T,PFE,32.77,11.0,32.78,9.0
2017-01-03 09:50:05,95004916224000.0,T,PFE,32.77,11.0,32.78,9.0
2017-01-03 09:50:06,95006544729000.0,T,PFE,32.78,15.0,32.79,3.0
2017-01-03 09:50:07,95007539587000.0,T,PFE,32.78,14.0,32.79,3.0
2017-01-03 09:50:08,95008911639000.0,T,PFE,32.78,18.0,32.79,3.0
2017-01-03 09:50:09,95009991016000.0,T,PFE,32.78,18.0,32.79,3.0
2017-01-03 09:50:10,95010244736000.0,T,PFE,32.78,18.0,32.79,5.0
2017-01-03 09:50:11,95010244736000.0,T,PFE,32.78,18.0,32.79,5.0
2017-01-03 09:50:12,95010244736000.0,T,PFE,32.78,18.0,32.79,5.0
2017-01-03 09:50:13,95010244736000.0,T,PFE,32.78,18.0,32.79,5.0
2017-01-03 09:50:14,95010244736000.0,T,PFE,32.78,18.0,32.79,5.0
2017-01-03 09:50:15,95015325311000.0,T,PFE,32.78,18.0,32.79,6.0
2017-01-03 09:50:16,95016045083000.0,T,PFE,32.78,18.0,32.79,9.0
2017-01-03 09:50:17,95016045083000.0,T,PFE,32.78,18.0,32.79,9.0
2017-01-03 09:50:18,95016045083000.0,T,PFE,32.78,18.0,32.79,9.0
2017-01-03 09:50:19,95016045083000.0,T,PFE,32.78,18.0,32.79,9.0
2017-01-03 09:50:20,95020517642000.0,T,PFE,32.78,12.0,32.79,15.0
2017-01-03 09:50:21,95021428812000.0,T,PFE,32.77,9.0,32.78,4.0
2017-01-03 09:50:22,95022882211000.0,T,PFE,32.77,7.0,32.78,3.0
2017-01-03 09:50:23,95022882211000.0,T,PFE,32.77,7.0,32.78,3.0
2017-01-03 09:50:24,95022882211000.0,T,PFE,32.77,7.0,32.78,3.0
2017-01-03 09:50:25,95025608243000.0,T,PFE,32.77,7.0,32.78,7.0
2017-01-03 09:50:26,95026148158000.0,T,PFE,32.77,5.0,32.78,7.0
2017-01-03 09:50:27,95026148158000.0,T,PFE,32.77,5.0,32.78,7.0
2017-01-03 09:50:28,95026148158000.0,T,PFE,32.77,5.0,32.78,7.0
2017-01-03 09:50:29,95029795137000.0,T,PFE,32.76,9.0,32.77,6.0
2017-01-03 09:50:30,95029795137000.0,T,PFE,32.76,9.0,32.77,6.0
2017-01-03 09:50:31,95031273780000.0,T,PFE,32.76,12.0,32.77,6.0
2017-01-03 09:50:32,95031273780000.0,T,PFE,32.76,12.0,32.77,6.0
2017-01-03 09:50:33,95033768215000.0,T,PFE,32.76,10.0,32.77,5.0
2017-01-03 09:50:34,95034766506000.0,T,PFE,32.77,11.0,32.78,10.0
2017-01-03 09:50:35,95035937395000.0,T,PFE,32.77,5.0,32.78,10.0
2017-01-03 09:50:36,95036769351000.0,T,PFE,32.77,9.0,32.78,10.0
2017-01-03 09:50:37,95037644623000.0,T,PFE,32.77,7.0,32.78,7.0
2017-01-03 09:50:38,95037644623000.0,T,PFE,32.77,7.0,32.78,7.0
2017-01-03 09:50:39,95039216235000.0,T,PFE,32.77,8.0,32.78,10.0
2017-01-03 09:50:40,95040852728000.0,T,PFE,32.77,2.0,32.78,18.0
2017-01-03 09:50:41,95041650069000.0,T,PFE,32.77,2.0,32.78,14.0
2017-01-03 09:50:42,95042998929000.0,T,PFE,32.77,4.0,32.78,11.0
2017-01-03 09:50:43,95043586483000.0,T,PFE,32.77,8.0,32.78,12.0
2017-01-03 09:50:44,95044822776000.0,T,PFE,32.77,8.0,32.78,13.0
2017-01-03 09:50:45,95045776172000.0,T,PFE,32.77,2.0,32.78,13.0
2017-01-03 09:50:46,95046362860000.0,T,PFE,32.77,9.0,32.78,13.0
2017-01-03 09:50:47,95047799379000.0,T,PFE,32.77,6.0,32.78,13.0
2017-01-03 09:50:48,95047799379000.0,T,PFE,32.77,6.0,32.78,13.0
2017-01-03 09:50:49,95049903583000.0,T,PFE,32.77,8.0,32.78,14.0
2017-01-03 09:50:50,95049903583000.0,T,PFE,32.77,8.0,32.78,14.0
2017-01-03 09:50:51,95051339499000.0,T,PFE,32.77,8.0,32.78,13.0
2017-01-03 09:50:52,95052722551000.0,T,PFE,32.77,6.0,32.78,13.0
2017-01-03 09:50:53,95053604903000.0,T,PFE,32.77,6.0,32.78,14.0
2017-01-03 09:50:54,95054892668000.0,T,PFE,32.77,22.0,32.78,11.0
2017-01-03 09:50:55,95055918034000.0,T,PFE,32.77,23.0,32.78,11.0
2017-01-03 09:50:56,95056879899000.0,T,PFE,32.78,17.0,32.79,7.0
2017-01-03 09:50:57,95057513148000.0,T,PFE,32.78,16.0,32.79,8.0
2017-01-03 09:50:58,95058179077000.0,T,PFE,32.78,19.0,32.79,11.0
2017-01-03 09:50:59,95059645637000.0,T,PFE,32.78,20.0,32.79,10.0
2017-01-03 09:51:00,95100843803000.0,T,PFE,32.78,20.0,32.79,11.0
2017-01-03 09:51:01,95100843803000.0,T,PFE,32.78,20.0,32.79,11.0
2017-01-03 09:51:02,95102115601000.0,T,PFE,32.78,20.0,32.79,10.0
2017-01-03 09:51:03,95102115601000.0,T,PFE,32.78,20.0,32.79,10.0
2017-01-03 09:51:04,95104985433000.0,T,PFE,32.78,18.0,32.79,8.0
2017-01-03 09:51:05,95104985433000.0,T,PFE,32.78,18.0,32.79,8.0
2017-01-03 09:51:06,95104985433000.0,T,PFE,32.78,18.0,32.79,8.0
2017-01-03 09:51:07,95104985433000.0,T,PFE,32.78,18.0,32.79,8.0
2017-01-03 09:51:08,95104985433000.0,T,PFE,32.78,18.0,32.79,8.0
2017-01-03 09:51:09,95109931905000.0,T,PFE,32.77,8.0,32.78,15.0
2017-01-03 09:51:10,95110746421000.0,T,PFE,32.77,7.0,32.78,15.0
2017-01-03 09:51:11,95111952801000.0,T,PFE,32.77,4.0,32.78,12.0
2017-01-03 09:51:12,95111952801000.0,T,PFE,32.77,4.0,32.78,12.0
2017-01-03 09:51:13,95113693803000.0,T,PFE,32.77,4.0,32.78,12.0
2017-01-03 09:51:14,95114826931000.0,T,PFE,32.77,7.0,32.78,12.0
2017-01-03 09:51:15,95115968149000.0,T,PFE,32.78,15.0,32.79,13.0
2017-01-03 09:51:16,95116966315000.0,T,PFE,32.78,17.0,32.79,10.0
2017-01-03 09:51:17,95117006962000.0,T,PFE,32.78,16.0,32.79,11.0
2017-01-03 09:51:18,95118711486000.0,T,PFE,32.78,14.0,32.79,10.0
2017-01-03 09:51:19,95119744849000.0,T,PFE,32.78,16.0,32.79,11.0
2017-01-03 09:51:20,95120012824000.0,T,PFE,32.78,23.0,32.79,11.0
2017-01-03 09:51:21,95120012824000.0,T,PFE,32.78,23.0,32.79,11.0
2017-01-03 09:51:22,95122038243000.0,T,PFE,32.78,23.0,32.79,13.0
2017-01-03 09:51:23,95123640564000.0,T,PFE,32.78,21.0,32.79,13.0
2017-01-03 09:51:24,95123640564000.0,T,PFE,32.78,21.0,32.79,13.0
2017-01-03 09:51:25,95125821152000.0,T,PFE,32.78,21.0,32.79,14.0
2017-01-03 09:51:26,95125821152000.0,T,PFE,32.78,21.0,32.79,14.0
2017-01-03 09:51:27,95127913310000.0,T,PFE,32.78,8.0,32.79,15.0
2017-01-03 09:51:28,95128606809000.0,T,PFE,32.78,9.0,32.79,14.0
2017-01-03 09:51:29,95129617582000.0,T,PFE,32.78,12.0,32.79,14.0
2017-01-03 09:51:30,95130942572000.0,T,PFE,32.78,13.0,32.79,14.0
2017-01-03 09:51:31,95131620925000.0,T,PFE,32.78,21.0,32.79,13.0
2017-01-03 09:51:32,95132679703000.0,T,PFE,32.78,19.0,32.79,13.0
2017-01-03 09:51:33,95133172241000.0,T,PFE,32.78,19.0,32.79,13.0
2017-01-03 09:51:34,95133172241000.0,T,PFE,32.78,19.0,32.79,13.0
2017-01-03 09:51:35,95135787990000.0,T,PFE,32.78,19.0,32.79,17.0
2017-01-03 09:51:36,95136331771000.0,T,PFE,32.78,13.0,32.79,17.0
2017-01-03 09:51:37,95137571293000.0,T,PFE,32.78,13.0,32.79,15.0
2017-01-03 09:51:38,95137571293000.0,T,PFE,32.78,13.0,32.79,15.0
2017-01-03 09:51:39,95137571293000.0,T,PFE,32.78,13.0,32.79,15.0
2017-01-03 09:51:40,95137571293000.0,T,PFE,32.78,13.0,32.79,15.0
2017-01-03 09:51:41,95137571293000.0,T,PFE,32.78,13.0,32.79,15.0
2017-01-03 09:51:42,95142559957000.0,T,PFE,32.78,19.0,32.79,14.0
2017-01-03 09:51:43,95143433245000.0,T,PFE,32.78,19.0,32.79,12.0
2017-01-03 09:51:44,95144700088000.0,T,PFE,32.78,19.0,32.79,10.0
2017-01-03 09:51:45,95144700088000.0,T,PFE,32.78,19.0,32.79,10.0
2017-01-03 09:51:46,95144700088000.0,T,PFE,32.78,19.0,32.79,10.0
2017-01-03 09:51:47,95144700088000.0,T,PFE,32.78,19.0,32.79,10.0
2017-01-03 09:51:48,95148218995000.0,T,PFE,32.78,19.0,32.79,10.0
2017-01-03 09:51:49,95149782189000.0,T,PFE,32.78,21.0,32.79,9.0
2017-01-03 09:51:50,95150811765000.0,T,PFE,32.78,21.0,32.79,8.0
2017-01-03 09:51:51,95151708427000.0,T,PFE,32.78,23.0,32.79,8.0
2017-01-03 09:51:52,95152716459000.0,T,PFE,32.78,22.0,32.79,9.0
2017-01-03 09:51:53,95153368400000.0,T,PFE,32.78,20.0,32.79,9.0
2017-01-03 09:51:54,95154283055000.0,T,PFE,32.78,11.0,32.79,10.0
2017-01-03 09:51:55,95154283055000.0,T,PFE,32.78,11.0,32.79,10.0
2017-01-03 09:51:56,95156029585000.0,T,PFE,32.78,11.0,32.79,11.0
2017-01-03 09:51:57,95156029585000.0,T,PFE,32.78,11.0,32.79,11.0
2017-01-03 09:51:58,95156029585000.0,T,PFE,32.78,11.0,32.79,11.0
2017-01-03 09:51:59,95159612758000.0,T,PFE,32.78,11.0,32.79,12.0
2017-01-03 09:52:00,95200846535000.0,T,PFE,32.78,18.0,32.79,13.0
2017-01-03 09:52:01,95201911416000.0,T,PFE,32.78,18.0,32.79,14.0
2017-01-03 09:52:02,95202661330000.0,T,PFE,32.78,18.0,32.79,13.0
2017-01-03 09:52:03,95203894262000.0,T,PFE,32.78,22.0,32.79,11.0
2017-01-03 09:52:04,95203894262000.0,T,PFE,32.78,22.0,32.79,11.0
2017-01-03 09:52:05,95205078990000.0,T,PFE,32.78,22.0,32.79,10.0
2017-01-03 09:52:06,95206338758000.0,T,PFE,32.79,28.0,32.8,8.0
2017-01-03 09:52:07,95207975612000.0,T,PFE,32.79,31.0,32.8,2.0
2017-01-03 09:52:08,95208985978000.0,T,PFE,32.79,30.0,32.8,6.0
2017-01-03 09:52:09,95209814532000.0,T,PFE,32.79,13.0,32.8,11.0
2017-01-03 09:52:10,95210869276000.0,T,PFE,32.78,18.0,32.79,13.0
2017-01-03 09:52:11,95211694754000.0,T,PFE,32.78,18.0,32.79,12.0
2017-01-03 09:52:12,95212327947000.0,T,PFE,32.78,20.0,32.79,9.0
2017-01-03 09:52:13,95213371928000.0,T,PFE,32.78,20.0,32.79,10.0
2017-01-03 09:52:14,95214233621000.0,T,PFE,32.78,20.0,32.79,11.0
2017-01-03 09:52:15,95215427792000.0,T,PFE,32.78,21.0,32.79,11.0
2017-01-03 09:52:16,95215427792000.0,T,PFE,32.78,21.0,32.79,11.0
2017-01-03 09:52:17,95215427792000.0,T,PFE,32.78,21.0,32.79,11.0
2017-01-03 09:52:18,95218448097000.0,T,PFE,32.78,22.0,32.79,11.0
2017-01-03 09:52:19,95219797383000.0,T,PFE,32.79,17.0,32.8,8.0
2017-01-03 09:52:20,95220821071000.0,T,PFE,32.79,8.0,32.8,9.0
2017-01-03 09:52:21,95221875986000.0,T,PFE,32.79,11.0,32.8,8.0
2017-01-03 09:52:22,95222746504000.0,T,PFE,32.79,11.0,32.8,9.0
2017-01-03 09:52:23,95223773436000.0,T,PFE,32.79,17.0,32.8,10.0
2017-01-03 09:52:24,95223773436000.0,T,PFE,32.79,17.0,32.8,10.0
2017-01-03 09:52:25,95225542654000.0,T,PFE,32.79,11.0,32.8,10.0
2017-01-03 09:52:26,95225542654000.0,T,PFE,32.79,11.0,32.8,10.0
2017-01-03 09:52:27,95225542654000.0,T,PFE,32.79,11.0,32.8,10.0
2017-01-03 09:52:28,95225542654000.0,T,PFE,32.79,11.0,32.8,10.0
2017-01-03 09:52:29,95225542654000.0,T,PFE,32.79,11.0,32.8,10.0
2017-01-03 09:52:30,95230943263000.0,T,PFE,32.79,14.0,32.8,11.0
2017-01-03 09:52:31,95231644434000.0,T,PFE,32.79,13.0,32.8,10.0
2017-01-03 09:52:32,95232212703000.0,T,PFE,32.79,13.0,32.8,13.0
2017-01-03 09:52:33,95233225204000.0,T,PFE,32.79,21.0,32.8,10.0
2017-01-03 09:52:34,95233225204000.0,T,PFE,32.79,21.0,32.8,10.0
2017-01-03 09:52:35,95235499073000.0,T,PFE,32.79,19.0,32.8,10.0
2017-01-03 09:52:36,95235499073000.0,T,PFE,32.79,19.0,32.8,10.0
2017-01-03 09:52:37,95237966358000.0,T,PFE,32.79,13.0,32.8,10.0
2017-01-03 09:52:38,95237966358000.0,T,PFE,32.79,13.0,32.8,10.0
2017-01-03 09:52:39,95239360181000.0,T,PFE,32.79,16.0,32.8,10.0
2017-01-03 09:52:40,95239360181000.0,T,PFE,32.79,16.0,32.8,10.0
2017-01-03 09:52:41,95239360181000.0,T,PFE,32.79,16.0,32.8,10.0
2017-01-03 09:52:42,95242893145000.0,T,PFE,32.79,14.0,32.8,10.0
2017-01-03 09:52:43,95242893145000.0,T,PFE,32.79,14.0,32.8,10.0
2017-01-03 09:52:44,95244911340000.0,T,PFE,32.79,17.0,32.8,12.0
2017-01-03 09:52:45,95244911340000.0,T,PFE,32.79,17.0,32.8,12.0
2017-01-03 09:52:46,95246802953000.0,T,PFE,32.8,21.0,32.81,6.0
2017-01-03 09:52:47,95247844772000.0,T,PFE,32.8,22.0,32.81,7.0
2017-01-03 09:52:48,95248527684000.0,T,PFE,32.8,23.0,32.81,7.0
2017-01-03 09:52:49,95249536097000.0,T,PFE,32.8,22.0,32.81,7.0
2017-01-03 09:52:50,95250289537000.0,T,PFE,32.8,28.0,32.81,7.0
2017-01-03 09:52:51,95251911821000.0,T,PFE,32.81,18.0,32.82,7.0
2017-01-03 09:52:52,95252618941000.0,T,PFE,32.81,12.0,32.82,7.0
2017-01-03 09:52:53,95253318114000.0,T,PFE,32.81,12.0,32.82,8.0
2017-01-03 09:52:54,95253318114000.0,T,PFE,32.81,12.0,32.82,8.0
2017-01-03 09:52:55,95253318114000.0,T,PFE,32.81,12.0,32.82,8.0
2017-01-03 09:52:56,95253318114000.0,T,PFE,32.81,12.0,32.82,8.0
2017-01-03 09:52:57,95253318114000.0,T,PFE,32.81,12.0,32.82,8.0
2017-01-03 09:52:58,95253318114000.0,T,PFE,32.81,12.0,32.82,8.0
2017-01-03 09:52:59,95259221739000.0,T,PFE,32.81,8.0,32.82,9.0
2017-01-03 09:53:00,95300766228000.0,T,PFE,32.81,19.0,32.82,6.0
2017-01-03 09:53:01,95301548793000.0,T,PFE,32.81,19.0,32.82,7.0
2017-01-03 09:53:02,95301548793000.0,T,PFE,32.81,19.0,32.82,7.0
2017-01-03 09:53:03,95301548793000.0,T,PFE,32.81,19.0,32.82,7.0
2017-01-03 09:53:04,95304776718000.0,T,PFE,32.81,20.0,32.82,5.0
2017-01-03 09:53:05,95305974827000.0,T,PFE,32.82,13.0,32.83,5.0
2017-01-03 09:53:06,95306844533000.0,T,PFE,32.82,18.0,32.83,5.0
2017-01-03 09:53:07,95307754769000.0,T,PFE,32.82,25.0,32.83,5.0
2017-01-03 09:53:08,95308936714000.0,T,PFE,32.82,25.0,32.83,5.0
2017-01-03 09:53:09,95309600817000.0,T,PFE,32.82,25.0,32.83,6.0
2017-01-03 09:53:10,95310795128000.0,T,PFE,32.82,22.0,32.83,6.0
2017-01-03 09:53:11,95310795128000.0,T,PFE,32.82,22.0,32.83,6.0
2017-01-03 09:53:12,95310795128000.0,T,PFE,32.82,22.0,32.83,6.0
2017-01-03 09:53:13,95310795128000.0,T,PFE,32.82,22.0,32.83,6.0
2017-01-03 09:53:14,95310795128000.0,T,PFE,32.82,22.0,32.83,6.0
2017-01-03 09:53:15,95310795128000.0,T,PFE,32.82,22.0,32.83,6.0
2017-01-03 09:53:16,95310795128000.0,T,PFE,32.82,22.0,32.83,6.0
2017-01-03 09:53:17,95310795128000.0,T,PFE,32.82,22.0,32.83,6.0
2017-01-03 09:53:18,95318852151000.0,T,PFE,32.82,23.0,32.83,5.0
2017-01-03 09:53:19,95318852151000.0,T,PFE,32.82,23.0,32.83,5.0
2017-01-03 09:53:20,95318852151000.0,T,PFE,32.82,23.0,32.83,5.0
2017-01-03 09:53:21,95321809944000.0,T,PFE,32.82,23.0,32.83,5.0
2017-01-03 09:53:22,95322547982000.0,T,PFE,32.82,23.0,32.83,6.0
2017-01-03 09:53:23,95323865168000.0,T,PFE,32.82,23.0,32.83,6.0
2017-01-03 09:53:24,95324919267000.0,T,PFE,32.82,23.0,32.83,9.0
2017-01-03 09:53:25,95324919267000.0,T,PFE,32.82,23.0,32.83,9.0
2017-01-03 09:53:26,95326058282000.0,T,PFE,32.82,15.0,32.83,9.0
2017-01-03 09:53:27,95326058282000.0,T,PFE,32.82,15.0,32.83,9.0
2017-01-03 09:53:28,95326058282000.0,T,PFE,32.82,15.0,32.83,9.0
2017-01-03 09:53:29,95329843596000.0,T,PFE,32.82,15.0,32.83,13.0
2017-01-03 09:53:30,95330582112000.0,T,PFE,32.82,16.0,32.83,10.0
2017-01-03 09:53:31,95331955746000.0,T,PFE,32.82,16.0,32.83,10.0
2017-01-03 09:53:32,95331955746000.0,T,PFE,32.82,16.0,32.83,10.0
2017-01-03 09:53:33,95331955746000.0,T,PFE,32.82,16.0,32.83,10.0
2017-01-03 09:53:34,95331955746000.0,T,PFE,32.82,16.0,32.83,10.0
2017-01-03 09:53:35,95335454479000.0,T,PFE,32.82,16.0,32.83,10.0
2017-01-03 09:53:36,95336846283000.0,T,PFE,32.82,20.0,32.83,13.0
2017-01-03 09:53:37,95337746119000.0,T,PFE,32.82,17.0,32.83,8.0
2017-01-03 09:53:38,95337746119000.0,T,PFE,32.82,17.0,32.83,8.0
2017-01-03 09:53:39,95337746119000.0,T,PFE,32.82,17.0,32.83,8.0
2017-01-03 09:53:40,95340397811000.0,T,PFE,32.82,23.0,32.83,9.0
2017-01-03 09:53:41,95340397811000.0,T,PFE,32.82,23.0,32.83,9.0
2017-01-03 09:53:42,95342744602000.0,T,PFE,32.82,15.0,32.83,9.0
2017-01-03 09:53:43,95342744602000.0,T,PFE,32.82,15.0,32.83,9.0
2017-01-03 09:53:44,95344503040000.0,T,PFE,32.82,18.0,32.83,9.0
2017-01-03 09:53:45,95344503040000.0,T,PFE,32.82,18.0,32.83,9.0
2017-01-03 09:53:46,95346432105000.0,T,PFE,32.82,24.0,32.83,9.0
2017-01-03 09:53:47,95347514219000.0,T,PFE,32.82,24.0,32.83,9.0
2017-01-03 09:53:48,95348849172000.0,T,PFE,32.81,9.0,32.82,13.0
2017-01-03 09:53:49,95349164120000.0,T,PFE,32.81,7.0,32.82,13.0
2017-01-03 09:53:50,95350288544000.0,T,PFE,32.81,8.0,32.82,13.0
2017-01-03 09:53:51,95351700295000.0,T,PFE,32.81,8.0,32.82,8.0
2017-01-03 09:53:52,95352295859000.0,T,PFE,32.81,8.0,32.82,9.0
2017-01-03 09:53:53,95352295859000.0,T,PFE,32.81,8.0,32.82,9.0
2017-01-03 09:53:54,95354503468000.0,T,PFE,32.81,8.0,32.82,10.0
2017-01-03 09:53:55,95354503468000.0,T,PFE,32.81,8.0,32.82,10.0
2017-01-03 09:53:56,95356112991000.0,T,PFE,32.81,8.0,32.82,11.0
2017-01-03 09:53:57,95356112991000.0,T,PFE,32.81,8.0,32.82,11.0
2017-01-03 09:53:58,95358671774000.0,T,PFE,32.81,8.0,32.82,16.0
2017-01-03 09:53:59,95358671774000.0,T,PFE,32.81,8.0,32.82,16.0
2017-01-03 09:54:00,95358671774000.0,T,PFE,32.81,8.0,32.82,16.0
2017-01-03 09:54:01,95358671774000.0,T,PFE,32.81,8.0,32.82,16.0
2017-01-03 09:54:02,95402267501000.0,T,PFE,32.81,8.0,32.82,14.0
2017-01-03 09:54:03,95402267501000.0,T,PFE,32.81,8.0,32.82,14.0
2017-01-03 09:54:04,95402267501000.0,T,PFE,32.81,8.0,32.82,14.0
2017-01-03 09:54:05,95402267501000.0,T,PFE,32.81,8.0,32.82,14.0
2017-01-03 09:54:06,95402267501000.0,T,PFE,32.81,8.0,32.82,14.0
2017-01-03 09:54:07,95402267501000.0,T,PFE,32.81,8.0,32.82,14.0
2017-01-03 09:54:08,95408608158000.0,T,PFE,32.81,8.0,32.82,15.0
2017-01-03 09:54:09,95408608158000.0,T,PFE,32.81,8.0,32.82,15.0
2017-01-03 09:54:10,95410864450000.0,T,PFE,32.81,8.0,32.82,15.0
2017-01-03 09:54:11,95410864450000.0,T,PFE,32.81,8.0,32.82,15.0
2017-01-03 09:54:12,95412770267000.0,T,PFE,32.81,14.0,32.82,15.0
2017-01-03 09:54:13,95412770267000.0,T,PFE,32.81,14.0,32.82,15.0
2017-01-03 09:54:14,95412770267000.0,T,PFE,32.81,14.0,32.82,15.0
2017-01-03 09:54:15,95412770267000.0,T,PFE,32.81,14.0,32.82,15.0
2017-01-03 09:54:16,95416330087000.0,T,PFE,32.81,14.0,32.82,16.0
2017-01-03 09:54:17,95417373575000.0,T,PFE,32.81,8.0,32.82,16.0
2017-01-03 09:54:18,95418934752000.0,T,PFE,32.8,6.0,32.81,16.0
2017-01-03 09:54:19,95419870265000.0,T,PFE,32.8,6.0,32.81,16.0
2017-01-03 09:54:20,95420658013000.0,T,PFE,32.8,6.0,32.81,17.0
2017-01-03 09:54:21,95420658013000.0,T,PFE,32.8,6.0,32.81,17.0
2017-01-03 09:54:22,95422867495000.0,T,PFE,32.8,11.0,32.81,13.0
2017-01-03 09:54:23,95423424954000.0,T,PFE,32.8,14.0,32.81,11.0
2017-01-03 09:54:24,95423424954000.0,T,PFE,32.8,14.0,32.81,11.0
2017-01-03 09:54:25,95425462436000.0,T,PFE,32.8,12.0,32.81,7.0
2017-01-03 09:54:26,95425462436000.0,T,PFE,32.8,12.0,32.81,7.0
2017-01-03 09:54:27,95425462436000.0,T,PFE,32.8,12.0,32.81,7.0
2017-01-03 09:54:28,95425462436000.0,T,PFE,32.8,12.0,32.81,7.0
2017-01-03 09:54:29,95425462436000.0,T,PFE,32.8,12.0,32.81,7.0
2017-01-03 09:54:30,95425462436000.0,T,PFE,32.8,12.0,32.81,7.0
2017-01-03 09:54:31,95431008429000.0,T,PFE,32.8,12.0,32.81,11.0
2017-01-03 09:54:32,95432248881000.0,T,PFE,32.8,12.0,32.81,9.0
2017-01-03 09:54:33,95432248881000.0,T,PFE,32.8,12.0,32.81,9.0
2017-01-03 09:54:34,95432248881000.0,T,PFE,32.8,12.0,32.81,9.0
2017-01-03 09:54:35,95435782950000.0,T,PFE,32.81,13.0,32.82,15.0
2017-01-03 09:54:36,95436771871000.0,T,PFE,32.81,5.0,32.82,17.0
2017-01-03 09:54:37,95436771871000.0,T,PFE,32.81,5.0,32.82,17.0
2017-01-03 09:54:38,95436771871000.0,T,PFE,32.81,5.0,32.82,17.0
2017-01-03 09:54:39,95436771871000.0,T,PFE,32.81,5.0,32.82,17.0
2017-01-03 09:54:40,95440780451000.0,T,PFE,32.81,12.0,32.82,14.0
2017-01-03 09:54:41,95441895024000.0,T,PFE,32.81,12.0,32.82,13.0
2017-01-03 09:54:42,95441895024000.0,T,PFE,32.81,12.0,32.82,13.0
2017-01-03 09:54:43,95441895024000.0,T,PFE,32.81,12.0,32.82,13.0
2017-01-03 09:54:44,95441895024000.0,T,PFE,32.81,12.0,32.82,13.0
2017-01-03 09:54:45,95441895024000.0,T,PFE,32.81,12.0,32.82,13.0
2017-01-03 09:54:46,95441895024000.0,T,PFE,32.81,12.0,32.82,13.0
2017-01-03 09:54:47,95441895024000.0,T,PFE,32.81,12.0,32.82,13.0
2017-01-03 09:54:48,95441895024000.0,T,PFE,32.81,12.0,32.82,13.0
2017-01-03 09:54:49,95441895024000.0,T,PFE,32.81,12.0,32.82,13.0
2017-01-03 09:54:50,95441895024000.0,T,PFE,32.81,12.0,32.82,13.0
2017-01-03 09:54:51,95441895024000.0,T,PFE,32.81,12.0,32.82,13.0
2017-01-03 09:54:52,95441895024000.0,T,PFE,32.81,12.0,32.82,13.0
2017-01-03 09:54:53,95441895024000.0,T,PFE,32.81,12.0,32.82,13.0
2017-01-03 09:54:54,95441895024000.0,T,PFE,32.81,12.0,32.82,13.0
2017-01-03 09:54:55,95441895024000.0,T,PFE,32.81,12.0,32.82,13.0
2017-01-03 09:54:56,95441895024000.0,T,PFE,32.81,12.0,32.82,13.0
2017-01-03 09:54:57,95441895024000.0,T,PFE,32.81,12.0,32.82,13.0
2017-01-03 09:54:58,95441895024000.0,T,PFE,32.81,12.0,32.82,13.0
2017-01-03 09:54:59,95441895024000.0,T,PFE,32.81,12.0,32.82,13.0
2017-01-03 09:55:00,95441895024000.0,T,PFE,32.81,12.0,32.82,13.0
2017-01-03 09:55:01,95501544230000.0,T,PFE,32.81,13.0,32.82,12.0
2017-01-03 09:55:02,95501544230000.0,T,PFE,32.81,13.0,32.82,12.0
2017-01-03 09:55:03,95501544230000.0,T,PFE,32.81,13.0,32.82,12.0
2017-01-03 09:55:04,95501544230000.0,T,PFE,32.81,13.0,32.82,12.0
2017-01-03 09:55:05,95501544230000.0,T,PFE,32.81,13.0,32.82,12.0
2017-01-03 09:55:06,95501544230000.0,T,PFE,32.81,13.0,32.82,12.0
2017-01-03 09:55:07,95501544230000.0,T,PFE,32.81,13.0,32.82,12.0
2017-01-03 09:55:08,95501544230000.0,T,PFE,32.81,13.0,32.82,12.0
2017-01-03 09:55:09,95509911336000.0,T,PFE,32.81,14.0,32.82,18.0
2017-01-03 09:55:10,95510219342000.0,T,PFE,32.81,14.0,32.82,20.0
2017-01-03 09:55:11,95510219342000.0,T,PFE,32.81,14.0,32.82,20.0
2017-01-03 09:55:12,95510219342000.0,T,PFE,32.81,14.0,32.82,20.0
2017-01-03 09:55:13,95513840681000.0,T,PFE,32.81,7.0,32.82,18.0
2017-01-03 09:55:14,95513840681000.0,T,PFE,32.81,7.0,32.82,18.0
2017-01-03 09:55:15,95515593652000.0,T,PFE,32.81,16.0,32.82,18.0
2017-01-03 09:55:16,95516517096000.0,T,PFE,32.81,16.0,32.82,16.0
2017-01-03 09:55:17,95517973349000.0,T,PFE,32.81,16.0,32.82,14.0
2017-01-03 09:55:18,95518965600000.0,T,PFE,32.82,18.0,32.83,7.0
2017-01-03 09:55:19,95519949884000.0,T,PFE,32.82,23.0,32.83,5.0
2017-01-03 09:55:20,95520409463000.0,T,PFE,32.82,22.0,32.83,7.0
2017-01-03 09:55:21,95521125773000.0,T,PFE,32.82,22.0,32.83,9.0
2017-01-03 09:55:22,95522908719000.0,T,PFE,32.82,18.0,32.83,6.0
2017-01-03 09:55:23,95523161352000.0,T,PFE,32.82,18.0,32.83,7.0
2017-01-03 09:55:24,95524998357000.0,T,PFE,32.82,18.0,32.83,10.0
2017-01-03 09:55:25,95524998357000.0,T,PFE,32.82,18.0,32.83,10.0
2017-01-03 09:55:26,95524998357000.0,T,PFE,32.82,18.0,32.83,10.0
2017-01-03 09:55:27,95527281974000.0,T,PFE,32.82,18.0,32.83,7.0
2017-01-03 09:55:28,95528841360000.0,T,PFE,32.82,13.0,32.83,7.0
2017-01-03 09:55:29,95529693752000.0,T,PFE,32.82,14.0,32.83,7.0
2017-01-03 09:55:30,95530911316000.0,T,PFE,32.82,14.0,32.83,6.0
2017-01-03 09:55:31,95530911316000.0,T,PFE,32.82,14.0,32.83,6.0
2017-01-03 09:55:32,95532781184000.0,T,PFE,32.82,14.0,32.83,7.0
2017-01-03 09:55:33,95532781184000.0,T,PFE,32.82,14.0,32.83,7.0
2017-01-03 09:55:34,95534911377000.0,T,PFE,32.82,8.0,32.83,8.0
2017-01-03 09:55:35,95535257931000.0,T,PFE,32.82,7.0,32.83,10.0
2017-01-03 09:55:36,95536351014000.0,T,PFE,32.82,7.0,32.83,9.0
2017-01-03 09:55:37,95536351014000.0,T,PFE,32.82,7.0,32.83,9.0
2017-01-03 09:55:38,95538661360000.0,T,PFE,32.82,7.0,32.83,9.0
2017-01-03 09:55:39,95539828138000.0,T,PFE,32.82,6.0,32.83,8.0
2017-01-03 09:55:40,95540661370000.0,T,PFE,32.82,6.0,32.83,9.0
2017-01-03 09:55:41,95541864043000.0,T,PFE,32.82,6.0,32.83,12.0
2017-01-03 09:55:42,95542161335000.0,T,PFE,32.82,6.0,32.83,11.0
2017-01-03 09:55:43,95543411380000.0,T,PFE,32.82,7.0,32.83,12.0
2017-01-03 09:55:44,95544813916000.0,T,PFE,32.82,7.0,32.83,12.0
2017-01-03 09:55:45,95544813916000.0,T,PFE,32.82,7.0,32.83,12.0
2017-01-03 09:55:46,95546843581000.0,T,PFE,32.82,7.0,32.83,14.0
2017-01-03 09:55:47,95546843581000.0,T,PFE,32.82,7.0,32.83,14.0
2017-01-03 09:55:48,95546843581000.0,T,PFE,32.82,7.0,32.83,14.0
2017-01-03 09:55:49,95546843581000.0,T,PFE,32.82,7.0,32.83,14.0
2017-01-03 09:55:50,95550003000000.0,T,PFE,32.82,7.0,32.83,15.0
2017-01-03 09:55:51,95551800540000.0,T,PFE,32.82,7.0,32.83,12.0
2017-01-03 09:55:52,95551800540000.0,T,PFE,32.82,7.0,32.83,12.0
2017-01-03 09:55:53,95551800540000.0,T,PFE,32.82,7.0,32.83,12.0
2017-01-03 09:55:54,95551800540000.0,T,PFE,32.82,7.0,32.83,12.0
2017-01-03 09:55:55,95551800540000.0,T,PFE,32.82,7.0,32.83,12.0
2017-01-03 09:55:56,95551800540000.0,T,PFE,32.82,7.0,32.83,12.0
2017-01-03 09:55:57,95551800540000.0,T,PFE,32.82,7.0,32.83,12.0
2017-01-03 09:55:58,95558615088000.0,T,PFE,32.82,7.0,32.83,13.0
2017-01-03 09:55:59,95558615088000.0,T,PFE,32.82,7.0,32.83,13.0
2017-01-03 09:56:00,95558615088000.0,T,PFE,32.82,7.0,32.83,13.0
2017-01-03 09:56:01,95558615088000.0,T,PFE,32.82,7.0,32.83,13.0
2017-01-03 09:56:02,95558615088000.0,T,PFE,32.82,7.0,32.83,13.0
2017-01-03 09:56:03,95558615088000.0,T,PFE,32.82,7.0,32.83,13.0
2017-01-03 09:56:04,95558615088000.0,T,PFE,32.82,7.0,32.83,13.0
2017-01-03 09:56:05,95558615088000.0,T,PFE,32.82,7.0,32.83,13.0
2017-01-03 09:56:06,95606260711000.0,T,PFE,32.81,15.0,32.82,16.0
2017-01-03 09:56:07,95606260711000.0,T,PFE,32.81,15.0,32.82,16.0
2017-01-03 09:56:08,95606260711000.0,T,PFE,32.81,15.0,32.82,16.0
2017-01-03 09:56:09,95609600582000.0,T,PFE,32.82,19.0,32.83,15.0
